Timestamp,Buy/Sell,Asset/Ticker,Amount,Price
2025-01-02 11:13:59,Sell,LULU,3,379.77
2025-01-02 11:40:55,Buy,ATZ,188,53.04
2025-01-02 11:52:51,Buy,TSLA,1,377.02
2025-01-02 12:17:11,Buy,LULU,41,377.84
2025-01-02 13:12:26,Buy,RY,55,120.18
2025-01-02 13:21:42,Buy,AAPL,25,242.44
2025-01-02 13:58:18,Buy,LULU,5,371.68
2025-01-02 14:30:44,Sell,RY,13,119.74
2025-01-02 15:55:35,Buy,UNH,6,504.68
2025-01-03 09:31:47,Sell,ATZ,174,53.99
2025-01-03 10:07:21,Buy,TSLA,8,380.7
2025-01-03 11:01:20,Sell,RY,5,119.67
2025-01-03 11:18:36,Sell,AAPL,7,243.04
2025-01-03 11:24:38,Buy,UNH,5,505.66
2025-01-03 12:37:15,Buy,NVDA,21,139.74
2025-01-03 12:41:12,Buy,TSLA,6,380.04
2025-01-03 15:39:43,Buy,PLTR,5,75.36
2025-01-06 09:58:59,Sell,RY,8,120.86
2025-01-06 11:15:33,Sell,LULU,15,381.42
2025-01-06 11:40:42,Buy,OPEN,783,1.7
2025-01-06 11:42:54,Sell,TSLA,3,418.19
2025-01-06 13:13:41,Buy,AAPL,13,244.1
2025-01-06 14:41:55,Buy,PLTR,48,78.54
2025-01-06 15:36:57,Buy,UNH,4,510.49
2025-01-07 09:36:59,Buy,PLTR,79,70.94
2025-01-07 09:52:10,Sell,RY,10,121.84
2025-01-07 09:59:39,Buy,PLTR,47,70.27
2025-01-07 10:11:45,Sell,TSLA,8,395.88
2025-01-07 10:40:19,Buy,OPEN,980,1.6
2025-01-07 11:53:22,Buy,COST,3,923.14
2025-01-07 12:01:05,Sell,OPEN,609,1.71
2025-01-07 13:03:56,Buy,UNH,2,517.92
2025-01-07 13:49:08,Sell,TSLA,2,403.69
2025-01-07 14:38:30,Sell,LULU,17,398.37
2025-01-07 15:19:24,Sell,OPEN,63,1.64
2025-01-08 10:21:41,Buy,UNH,2,512.73
2025-01-08 11:12:36,Buy,NVDA,44,138.45
2025-01-08 13:58:20,Sell,LULU,8,388.77
2025-01-08 14:21:08,Sell,TSLA,1,389.41
2025-01-08 15:32:50,Buy,NVDA,20,139.09
2025-01-08 15:52:06,Sell,LULU,3,389.24
2025-01-09 12:32:25,Buy,ATZ,20,57.78
2025-01-09 14:14:19,Buy,ATZ,42,57.78
2025-01-09 14:14:39,Buy,ATZ,128,57.57
2025-01-10 13:52:23,Buy,OPEN,1592,1.47
2025-01-14 10:04:19,Sell,UNH,1,537.01
2025-01-14 15:16:30,Sell,RY,4,118.82
2025-01-15 09:36:02,Buy,ATZ,15,65.87
2025-01-15 14:44:11,Buy,UNH,13,535.13
2025-01-16 12:09:13,Buy,COST,4,918.9
2025-01-16 15:56:16,Buy,PLTR,35,68.48
2025-01-17 09:38:56,Buy,TSLA,5,420.49
2025-01-17 13:52:00,Buy,TSLA,6,419.95
2025-01-20 10:53:33,Sell,ATZ,28,67.17
2025-01-20 14:53:57,Sell,ATZ,10,67.15
2025-01-20 15:51:42,Sell,ATZ,123,67.13
2025-01-23 10:45:02,Buy,AAPL,8,224.57
2025-01-23 15:38:58,Buy,LULU,5,379.61
2025-01-27 10:45:45,Buy,PLTR,33,73.07
2025-01-27 12:02:11,Buy,UNH,2,539.98
2025-01-27 12:40:59,Sell,RY,10,120.82
2025-01-27 14:09:13,Buy,LULU,13,394.51
2025-01-29 09:51:54,Buy,TSLA,9,394.21
2025-01-29 11:02:37,Buy,TSLA,6,391.74
2025-01-29 12:48:07,Sell,LULU,10,410.08
2025-01-29 13:53:06,Buy,TSLA,5,385.48
2025-01-29 15:10:39,Buy,AAPL,9,234.02
2025-01-30 09:35:43,Buy,LULU,1,413.58
2025-01-31 12:30:38,Buy,AAPL,7,244.41
2025-01-31 15:12:39,Buy,AAPL,10,238.44
2025-01-31 15:58:02,Sell,PLTR,92,80.98
2025-02-03 10:01:01,Sell,TSLA,5,386.45
2025-02-04 12:44:08,Buy,AAPL,7,226.86
2025-02-04 13:03:57,Sell,COST,2,1001.35
2025-02-04 15:25:10,Sell,RY,4,120.43
2025-02-05 13:01:46,Buy,ATZ,25,68.5
2025-02-06 11:14:27,Buy,TSLA,5,364.98
2025-02-07 11:36:55,Buy,LULU,4,406.21
2025-02-07 13:59:22,Sell,COST,3,1043.09
2025-02-10 11:39:03,Buy,TSLA,1,353.61
2025-02-10 15:03:34,Buy,COST,1,1046.84
2025-02-10 15:03:56,Sell,RY,1,118.54
2025-02-10 15:43:12,Buy,LULU,2,390.35
2025-02-10 15:58:54,Buy,NVDA,3,130.03
2025-02-12 09:35:02,Buy,NVDA,15,129.15
2025-02-12 09:40:50,Buy,PLTR,1,110.08
2025-02-12 09:44:24,Buy,UNH,1,531.14
2025-02-12 09:47:14,Sell,PLTR,90,110.2
2025-02-12 10:16:37,Buy,NVDA,8,129.62
2025-02-12 11:06:48,Buy,TSLA,3,329.12
2025-02-12 11:40:53,Buy,PLTR,6,110.23
2025-02-12 11:56:24,Buy,UNH,3,536.96
2025-02-12 13:29:15,Buy,TSLA,4,329.55
2025-02-12 14:10:40,Buy,NVDA,21,129.68
2025-02-12 14:13:34,Buy,OPEN,526,1.31
2025-02-12 14:35:11,Buy,PLTR,3,110.25
2025-02-12 15:33:20,Buy,TSLA,4,329.85
2025-02-12 15:57:56,Buy,OPEN,1735,1.31
2025-02-13 09:30:52,Sell,NVDA,44,131.29
2025-02-13 11:39:32,Buy,PLTR,7,116.75
2025-02-13 12:28:26,Buy,NVDA,3,131.31
2025-02-13 12:56:47,Buy,PLTR,2,116.8
2025-02-13 13:39:44,Buy,NVDA,3,131.34
2025-02-13 13:56:49,Buy,PLTR,6,116.3
2025-02-13 13:58:42,Buy,PLTR,14,116.32
2025-02-14 09:44:07,Buy,OPEN,480,1.51
2025-02-14 09:45:46,Buy,OPEN,141,1.51
2025-02-14 10:02:10,Buy,AAPL,5,241.02
2025-02-14 10:12:00,Buy,COST,1,1073.21
2025-02-14 11:36:25,Buy,PLTR,10,117.16
2025-02-14 12:15:54,Buy,AAPL,2,241.24
2025-02-14 12:42:34,Sell,TSLA,6,356.58
2025-02-14 14:18:50,Buy,AAPL,1,241.14
2025-02-14 14:57:52,Buy,UNH,1,528.06
2025-02-14 15:21:57,Buy,RY,1,118.99
2025-02-18 11:24:17,Buy,PLTR,1,120.11
2025-02-18 11:37:25,Buy,ATZ,6,69.01
2025-02-18 12:17:16,Buy,UNH,2,508.23
2025-02-18 12:43:06,Sell,LULU,5,354.99
2025-02-18 13:56:46,Buy,TSLA,6,353.69
2025-02-18 14:24:30,Buy,PLTR,3,120.66
2025-02-18 14:29:05,Buy,COST,1,1060.92
2025-02-18 15:10:21,Buy,ATZ,4,69.01
2025-02-18 15:23:37,Buy,TSLA,3,353.06
2025-02-19 09:33:08,Buy,OPEN,2293,1.57
2025-02-19 10:43:54,Buy,OPEN,159,1.55
2025-02-19 11:25:36,Buy,ATZ,1,69.23
2025-02-19 12:21:03,Buy,RY,2,119.44
2025-02-19 12:33:23,Buy,OPEN,224,1.56
2025-02-19 12:55:38,Buy,AAPL,12,243.31
2025-02-19 13:47:12,Sell,AAPL,53,244.23
2025-02-19 14:33:38,Buy,AAPL,6,243.27
2025-02-19 14:57:45,Sell,AAPL,1,243.55
2025-02-19 15:49:03,Buy,AAPL,1,243.55
2025-02-20 10:12:30,Sell,RY,2,119.73
2025-02-20 10:14:46,Buy,NVDA,4,137.33
2025-02-20 10:55:24,Buy,NVDA,6,139.1
2025-02-20 10:59:34,Buy,COST,1,1034.45
2025-02-20 12:23:35,Buy,TSLA,1,358.59
2025-02-20 12:42:28,Buy,UNH,2,502.99
2025-02-20 12:54:28,Sell,NVDA,54,140.0
2025-02-20 13:01:09,Sell,UNH,11,501.51
2025-02-20 13:03:29,Buy,NVDA,10,137.04
2025-02-20 15:50:08,Buy,AAPL,2,244.56
2025-02-21 10:47:57,Sell,RY,1,119.24
2025-02-21 11:56:56,Buy,UNH,3,438.69
2025-02-21 12:54:23,Buy,RY,3,118.98
2025-02-21 13:18:55,Buy,NVDA,8,135.03
2025-02-21 13:19:10,Buy,UNH,3,438.54
2025-02-21 13:28:07,Sell,AAPL,8,245.64
2025-02-21 13:47:43,Buy,AAPL,1,245.66
2025-02-21 14:41:19,Sell,NVDA,1,135.55
2025-02-21 15:00:53,Buy,OPEN,136,1.45
2025-02-21 15:47:31,Sell,OPEN,353,1.43
2025-02-21 15:59:51,Buy,LULU,1,362.89
2025-02-24 09:52:39,Buy,PLTR,8,92.73
2025-02-24 10:14:36,Buy,PLTR,6,93.05
2025-02-24 10:20:46,Buy,RY,7,118.65
2025-02-24 10:59:10,Buy,ATZ,8,66.0
2025-02-24 11:13:19,Buy,AAPL,12,244.81
2025-02-24 12:20:27,Buy,RY,4,118.57
2025-02-24 12:31:21,Buy,RY,4,119.33
2025-02-24 12:40:29,Buy,LULU,1,363.31
2025-02-24 12:52:10,Buy,PLTR,1,91.27
2025-02-24 12:54:18,Buy,PLTR,8,91.88
2025-02-24 13:40:15,Buy,LULU,1,362.2
2025-02-24 14:41:36,Buy,COST,1,1025.92
2025-02-24 15:32:30,Buy,LULU,5,362.51
2025-02-25 09:48:31,Buy,NVDA,3,129.24
2025-02-25 10:06:52,Sell,COST,1,1039.88
2025-02-25 12:04:09,Buy,ATZ,4,66.81
2025-02-25 12:33:00,Buy,PLTR,5,88.66
2025-02-25 14:08:13,Buy,PLTR,5,85.7
2025-02-25 15:08:38,Sell,COST,3,1038.61
2025-02-26 13:58:36,Buy,AAPL,1,240.37
2025-02-27 10:22:37,Buy,UNH,1,465.25
2025-02-27 11:49:30,Buy,LULU,1,359.62
2025-02-27 12:32:26,Buy,NVDA,2,130.14
2025-02-27 14:16:53,Buy,LULU,1,361.34
2025-02-27 15:26:09,Buy,TSLA,1,290.11
2025-02-28 13:08:08,Buy,LULU,1,358.59
2025-02-28 13:53:59,Buy,ATZ,3,65.56
2025-03-04 10:08:30,Sell,ATZ,9,63.92
2025-03-04 13:28:12,Sell,RY,1,113.59
2025-03-05 10:36:35,Buy,NVDA,1,117.33
2025-03-06 15:38:21,Sell,LULU,2,347.53
2025-03-07 11:22:45,Buy,TSLA,1,256.93
2025-03-07 12:17:23,Sell,RY,2,113.52
2025-03-07 13:51:52,Buy,AAPL,1,234.79
2025-03-07 14:42:41,Buy,ATZ,5,62.43
2025-03-07 14:53:25,Buy,TSLA,2,257.3
2025-03-10 09:39:12,Sell,OPEN,1547,1.19
2025-03-10 15:48:39,Buy,RY,3,112.19
2025-03-11 09:48:43,Buy,RY,8,111.53
2025-03-11 10:49:33,Sell,UNH,6,481.66
2025-03-11 11:33:11,Buy,AAPL,6,223.53
2025-03-11 14:09:37,Buy,UNH,1,481.11
2025-03-12 11:36:07,Buy,NVDA,2,114.06
2025-03-12 12:03:44,Buy,OPEN,689,1.14
2025-03-12 13:59:13,Buy,PLTR,3,80.06
2025-03-13 10:11:30,Buy,NVDA,1,115.53
2025-03-13 10:27:52,Buy,PLTR,2,80.13
2025-03-13 11:30:48,Buy,NVDA,1,116.69
2025-03-14 11:09:40,Buy,PLTR,1,82.61
2025-03-14 11:10:06,Buy,PLTR,1,82.42
2025-03-14 12:20:36,Buy,RY,4,109.59
2025-03-14 12:49:21,Buy,NVDA,1,118.22
2025-03-14 13:14:38,Buy,TSLA,1,244.46
2025-03-14 13:38:00,Buy,AAPL,1,210.48
2025-03-14 14:11:03,Buy,NVDA,1,118.4
2025-03-14 15:00:17,Buy,PLTR,1,82.78
2025-03-14 15:44:28,Buy,OPEN,80,1.11
2025-03-14 15:47:03,Buy,PLTR,1,82.87
2025-03-14 15:48:28,Buy,NVDA,1,118.17
2025-03-17 11:33:12,Buy,OPEN,24,1.12
2025-03-17 12:53:38,Buy,ATZ,1,51.43
2025-03-17 14:15:11,Buy,ATZ,1,51.46
2025-03-18 09:33:03,Buy,TSLA,1,227.63
2025-03-18 11:18:03,Buy,AAPL,4,212.83
2025-03-18 11:22:36,Sell,UNH,3,500.45
2025-03-18 14:06:45,Buy,UNH,6,501.82
2025-03-18 15:03:26,Sell,UNH,16,499.82
2025-03-18 15:47:47,Sell,LULU,11,323.62
2025-03-19 09:54:27,Buy,TSLA,3,230.97
2025-03-19 10:37:16,Buy,LULU,5,319.35
2025-03-19 10:44:59,Buy,NVDA,15,117.17
2025-03-19 11:25:28,Sell,PLTR,45,83.85
2025-03-19 13:01:46,Buy,LULU,1,318.75
2025-03-19 13:51:05,Buy,UNH,1,500.62
2025-03-19 14:01:36,Buy,TSLA,1,229.65
2025-03-19 14:44:45,Buy,UNH,1,502.63
2025-03-19 15:11:38,Buy,PLTR,15,83.64
2025-03-20 09:51:40,Buy,UNH,2,504.67
2025-03-20 11:09:04,Buy,RY,6,113.21
2025-03-20 13:41:11,Sell,AAPL,6,213.7
2025-03-20 13:42:41,Buy,OPEN,672,1.18
2025-03-20 15:02:40,Buy,UNH,1,504.64
2025-03-21 11:17:59,Sell,RY,4,112.68
2025-03-21 13:25:06,Buy,UNH,2,506.06
2025-03-24 10:49:16,Buy,AAPL,2,218.65
2025-03-24 11:00:01,Sell,AAPL,1,218.96
2025-03-24 11:44:39,Buy,TSLA,2,256.44
2025-03-25 14:55:21,Buy,AAPL,1,220.72
2025-03-25 14:57:08,Sell,PLTR,47,96.98
2025-03-26 12:43:45,Buy,ATZ,15,52.17
2025-03-26 12:46:03,Buy,TSLA,5,274.86
2025-03-26 12:54:58,Buy,PLTR,6,96.27
2025-03-26 13:32:20,Buy,UNH,2,513.28
2025-03-26 14:35:30,Buy,NVDA,2,114.06
2025-03-26 14:40:14,Buy,OPEN,175,1.19
2025-03-27 09:52:19,Sell,AAPL,13,220.92
2025-03-28 09:42:02,Buy,COST,1,926.7
2025-03-28 12:33:26,Buy,TSLA,1,273.1
2025-03-31 09:36:37,Buy,NVDA,4,103.65
2025-03-31 11:18:05,Buy,PLTR,7,79.34
2025-03-31 12:45:26,Buy,NVDA,7,104.62
2025-04-01 09:40:00,Buy,ATZ,2,50.01
2025-04-01 10:49:16,Buy,TSLA,2,263.51
2025-04-01 12:55:42,Buy,AAPL,2,219.08
2025-04-02 09:36:49,Buy,AAPL,1,221.29
2025-04-02 09:37:26,Buy,ATZ,4,49.18
2025-04-03 10:16:40,Buy,RY,2,113.72
2025-04-03 11:42:40,Sell,RY,7,113.73
2025-04-03 12:29:42,Buy,NVDA,2,103.17
2025-04-03 14:59:53,Buy,RY,1,113.72
2025-04-04 10:45:23,Buy,LULU,1,236.9
2025-04-04 12:55:20,Sell,UNH,13,531.44
2025-04-07 11:11:24,Buy,LULU,4,252.16
2025-04-07 11:26:37,Buy,TSLA,2,222.78
2025-04-07 11:31:45,Buy,UNH,1,503.6
2025-04-07 14:04:43,Buy,OPEN,563,0.88
2025-04-07 14:09:08,Buy,ATZ,3,39.46
2025-04-07 14:23:55,Buy,OPEN,136,0.88
2025-04-07 14:34:13,Buy,OPEN,1167,0.88
2025-04-08 09:34:52,Buy,LULU,2,268.82
2025-04-08 09:44:43,Buy,LULU,1,257.51
2025-04-08 10:36:11,Buy,TSLA,1,230.63
2025-04-08 12:13:23,Buy,RY,6,111.28
2025-04-08 12:58:31,Buy,ATZ,16,38.35
2025-04-08 15:31:38,Buy,OPEN,58,1.0
2025-04-08 15:57:47,Buy,UNH,1,579.5
2025-04-09 15:48:00,Buy,AAPL,1,171.9
2025-04-10 09:50:30,Buy,TSLA,1,256.66
2025-04-10 11:25:47,Buy,PLTR,2,86.7
2025-04-10 12:36:22,Buy,NVDA,2,106.09
2025-04-10 13:26:48,Buy,RY,2,112.07
2025-04-11 09:35:34,Buy,NVDA,2,107.9
2025-04-11 12:46:00,Sell,UNH,10,586.73
2025-04-11 13:29:16,Buy,PLTR,1,86.22
2025-04-11 14:47:35,Buy,TSLA,3,241.79
2025-04-14 10:44:17,Buy,ATZ,2,41.63
2025-04-14 11:16:04,Buy,OPEN,527,1.0
2025-04-15 09:46:40,Buy,AAPL,6,201.27
2025-04-15 10:55:56,Buy,PLTR,6,93.45
2025-04-15 11:21:35,Buy,NVDA,1,110.86
2025-04-15 11:26:23,Buy,PLTR,4,93.29
2025-04-15 12:44:01,Buy,ATZ,5,41.78
2025-04-15 15:50:10,Buy,NVDA,8,110.86
2025-04-16 15:36:49,Buy,PLTR,1,92.2
2025-04-17 09:54:43,Buy,OPEN,1526,0.92
2025-04-17 12:05:28,Buy,PLTR,2,92.48
2025-04-17 13:33:11,Buy,ATZ,2,41.27
2025-04-17 13:47:57,Buy,RY,3,115.53
2025-04-17 13:48:39,Buy,LULU,1,248.15
2025-04-17 14:53:32,Buy,PLTR,1,94.33
2025-04-17 15:03:13,Buy,ATZ,12,41.73
2025-04-17 15:07:47,Sell,PLTR,75,93.54
2025-04-17 15:11:38,Buy,RY,4,115.47
2025-04-17 15:41:08,Buy,AAPL,1,195.35
2025-04-21 09:36:30,Buy,PLTR,2,90.24
2025-04-21 10:24:58,Sell,COST,1,958.87
2025-04-21 11:32:36,Sell,PLTR,17,90.36
2025-04-21 11:52:52,Buy,ATZ,11,41.31
2025-04-21 11:57:33,Buy,ATZ,25,41.23
2025-04-21 12:15:30,Buy,UNH,1,442.79
2025-04-21 12:48:10,Buy,PLTR,5,92.55
2025-04-21 14:03:24,Buy,AAPL,2,190.13
2025-04-21 14:33:53,Buy,PLTR,10,90.92
2025-04-21 15:05:01,Sell,PLTR,5,92.03
2025-04-21 15:40:35,Sell,RY,8,115.72
2025-04-21 15:48:37,Sell,UNH,3,448.71
2025-04-22 10:13:26,Buy,LULU,6,257.12
2025-04-22 10:57:35,Sell,RY,2,115.7
2025-04-22 13:15:27,Sell,RY,15,115.74
2025-04-22 13:30:13,Buy,AAPL,1,196.07
2025-04-22 15:24:07,Buy,AAPL,2,195.99
2025-04-22 15:32:30,Buy,ATZ,8,43.22
2025-04-22 15:59:47,Buy,NVDA,8,98.08
2025-04-23 09:32:42,Buy,ATZ,12,45.85
2025-04-23 09:46:59,Buy,ATZ,11,45.94
2025-04-23 13:30:44,Sell,TSLA,33,246.4
2025-04-24 09:57:59,Buy,OPEN,2121,0.74
2025-04-24 10:29:42,Buy,ATZ,42,45.68
2025-04-24 11:29:34,Buy,LULU,3,267.01
2025-04-24 11:57:05,Buy,ATZ,12,45.69
2025-04-24 12:19:09,Buy,ATZ,1,45.68
2025-04-24 13:20:12,Buy,OPEN,1894,0.84
2025-04-25 09:56:33,Buy,AAPL,11,206.23
2025-04-25 10:58:07,Buy,TSLA,2,260.58
2025-04-25 11:15:19,Sell,NVDA,50,106.68
2025-04-25 12:09:56,Buy,NVDA,4,105.87
2025-04-25 12:49:41,Buy,PLTR,1,106.76
2025-04-25 13:05:35,Buy,AAPL,8,206.28
2025-04-25 14:16:27,Buy,RY,4,117.29
2025-04-25 14:51:39,Buy,AAPL,1,206.25
2025-04-28 09:44:08,Buy,TSLA,2,281.65
2025-04-28 09:45:09,Buy,AAPL,1,209.55
2025-04-28 09:47:52,Buy,NVDA,4,109.31
2025-04-28 10:01:34,Buy,TSLA,2,282.48
2025-04-28 12:19:30,Buy,NVDA,7,106.99
2025-04-28 12:36:55,Buy,NVDA,3,106.77
2025-04-28 13:28:00,Buy,PLTR,1,113.05
2025-04-28 13:35:47,Buy,ATZ,10,46.33
2025-04-28 14:30:38,Buy,NVDA,1,108.32
2025-04-29 09:34:43,Buy,ATZ,3,47.69
2025-04-29 09:49:12,Buy,NVDA,1,107.63
2025-04-29 10:52:52,Buy,OPEN,29,0.76
2025-04-29 11:40:13,Buy,ATZ,5,47.69
2025-04-29 11:47:19,Buy,LULU,1,267.92
2025-04-29 12:51:54,Buy,ATZ,7,47.69
2025-04-29 13:06:43,Buy,ATZ,3,47.69
2025-04-29 14:29:22,Buy,ATZ,4,47.69
2025-04-30 09:37:53,Buy,UNH,1,401.4
2025-04-30 10:16:53,Buy,NVDA,1,104.24
2025-04-30 10:23:11,Sell,PLTR,24,110.58
2025-04-30 13:49:29,Sell,TSLA,11,278.7
2025-04-30 14:11:51,Buy,TSLA,3,274.04
2025-04-30 14:14:52,Buy,ATZ,19,46.9
2025-04-30 14:32:14,Buy,ATZ,2,47.05
2025-04-30 14:51:26,Buy,PLTR,10,111.32
2025-04-30 14:54:30,Sell,RY,15,117.62
2025-04-30 15:16:56,Buy,PLTR,16,111.1
2025-04-30 15:42:28,Sell,TSLA,22,276.82
2025-05-01 09:49:48,Buy,LULU,4,269.97
2025-05-01 10:16:51,Buy,COST,1,988.54
2025-05-01 10:59:23,Buy,TSLA,3,279.88
2025-05-01 12:42:13,Buy,PLTR,1,118.42
2025-05-01 12:55:00,Buy,PLTR,3,116.39
2025-05-01 13:19:15,Buy,TSLA,2,279.84
2025-05-01 13:55:23,Buy,PLTR,4,116.14
2025-05-01 14:19:22,Buy,ATZ,2,48.58
2025-05-01 15:37:18,Buy,UNH,2,402.02
2025-05-02 09:58:20,Buy,LULU,1,273.27
2025-05-02 10:23:21,Buy,ATZ,3,55.12
2025-05-02 10:51:54,Buy,ATZ,3,55.43
2025-05-02 12:39:10,Buy,LULU,1,273.72
2025-05-02 12:48:49,Sell,LULU,10,273.15
2025-05-05 09:38:51,Sell,PLTR,23,123.15
2025-05-05 10:17:33,Buy,NVDA,9,112.88
2025-05-05 10:27:21,Buy,PLTR,13,122.38
2025-05-05 10:57:56,Buy,LULU,4,276.15
2025-05-05 11:04:08,Buy,NVDA,28,112.84
2025-05-05 11:22:00,Buy,NVDA,6,112.86
2025-05-05 12:45:33,Sell,ATZ,275,55.61
2025-05-05 13:41:01,Buy,ATZ,65,55.89
2025-05-05 14:04:54,Buy,PLTR,3,123.48
2025-05-05 15:36:23,Buy,OPEN,2181,0.72
2025-05-05 15:56:16,Buy,NVDA,17,112.75
2025-05-06 10:12:49,Buy,NVDA,7,111.39
2025-05-07 14:09:27,Sell,ATZ,59,56.35
2025-05-08 09:44:39,Sell,RY,3,119.85
2025-05-08 09:53:05,Buy,OPEN,248,0.88
2025-05-08 10:54:53,Buy,UNH,5,387.06
2025-05-08 11:10:45,Buy,OPEN,1029,0.9
2025-05-08 11:25:57,Buy,ATZ,37,57.05
2025-05-08 12:24:02,Buy,RY,4,120.03
2025-05-08 14:08:13,Buy,RY,1,120.18
2025-05-09 12:40:17,Sell,NVDA,49,116.43
2025-05-09 13:12:12,Buy,ATZ,10,59.54
2025-05-09 15:49:53,Buy,COST,1,1001.69
2025-05-12 09:42:22,Buy,LULU,3,297.98
2025-05-12 10:43:31,Buy,ATZ,7,60.79
2025-05-12 10:58:46,Buy,RY,1,120.58
2025-05-12 11:22:22,Buy,ATZ,2,60.83
2025-05-12 11:42:11,Buy,OPEN,967,0.68
2025-05-12 12:37:24,Buy,LULU,8,297.98
2025-05-12 14:23:59,Buy,COST,1,1002.2
2025-05-12 14:33:21,Buy,LULU,5,297.98
2025-05-13 09:33:01,Buy,ATZ,10,64.63
2025-05-13 10:58:36,Buy,AAPL,1,209.8
2025-05-13 11:16:33,Sell,NVDA,54,124.53
2025-05-13 12:58:25,Buy,PLTR,1,119.45
2025-05-13 13:43:33,Buy,TSLA,5,317.49
2025-05-13 13:53:44,Sell,COST,1,987.83
2025-05-13 14:50:27,Buy,PLTR,2,119.82
2025-05-13 15:20:45,Buy,ATZ,7,64.75
2025-05-14 09:32:25,Buy,PLTR,4,128.91
2025-05-14 09:42:01,Buy,LULU,2,309.95
2025-05-14 09:51:24,Buy,RY,6,121.72
2025-05-14 10:21:17,Buy,UNH,6,313.24
2025-05-14 10:58:34,Buy,AAPL,2,210.71
2025-05-14 11:35:16,Sell,TSLA,12,341.15
2025-05-14 12:19:04,Buy,RY,9,122.11
2025-05-14 12:32:27,Buy,UNH,2,313.27
2025-05-14 13:24:29,Buy,ATZ,1,66.71
2025-05-14 13:30:02,Buy,TSLA,1,337.12
2025-05-14 13:58:37,Buy,TSLA,4,338.27
2025-05-14 14:03:32,Buy,ATZ,2,66.15
2025-05-14 15:59:01,Buy,PLTR,5,128.88
2025-05-15 10:33:27,Buy,TSLA,1,337.12
2025-05-15 10:39:10,Buy,ATZ,3,65.69
2025-05-15 10:44:56,Sell,LULU,2,313.41
2025-05-15 10:54:40,Buy,OPEN,505,0.71
2025-05-15 11:26:40,Sell,TSLA,21,338.22
2025-05-15 11:59:12,Sell,PLTR,7,126.26
2025-05-15 13:10:21,Buy,TSLA,3,337.72
2025-05-15 13:23:10,Buy,ATZ,3,65.69
2025-05-15 14:55:57,Buy,UNH,1,251.39
2025-05-15 15:43:16,Buy,OPEN,840,0.73
2025-05-15 15:47:17,Sell,LULU,34,312.68
2025-05-16 09:42:32,Sell,NVDA,26,134.84
2025-05-16 10:04:47,Sell,UNH,1,270.54
2025-05-16 12:44:30,Buy,NVDA,1,136.05
2025-05-16 14:03:49,Buy,OPEN,4056,0.72
2025-05-16 14:39:59,Buy,OPEN,4269,0.72
2025-05-16 14:45:50,Buy,TSLA,2,342.43
2025-05-16 15:42:04,Buy,TSLA,13,345.74
2025-05-20 09:59:18,Buy,OPEN,1490,0.79
2025-05-20 10:33:41,Buy,AAPL,2,205.43
2025-05-20 10:51:41,Sell,RY,6,126.88
2025-05-20 12:01:29,Buy,UNH,4,314.97
2025-05-20 12:02:11,Buy,RY,13,126.85
2025-05-20 13:25:23,Buy,OPEN,1127,0.73
2025-05-20 15:23:51,Buy,UNH,4,315.84
2025-05-21 13:10:58,Buy,COST,1,1026.27
2025-05-22 09:34:37,Sell,RY,8,125.24
2025-05-22 09:38:28,Buy,COST,1,1021.1
2025-05-22 10:35:06,Buy,OPEN,897,0.7
2025-05-22 10:43:36,Sell,COST,6,1025.27
2025-05-22 11:41:55,Buy,UNH,3,293.56
2025-05-22 12:24:43,Sell,RY,2,125.53
2025-05-22 13:15:28,Sell,LULU,4,318.98
2025-05-22 13:32:23,Buy,COST,1,1014.7
2025-05-23 09:44:39,Sell,COST,1,1010.85
2025-05-23 10:12:30,Sell,PLTR,5,120.85
2025-05-23 10:56:32,Buy,COST,1,1008.7
2025-05-23 11:06:39,Buy,RY,4,126.39
2025-05-23 11:26:00,Buy,UNH,4,293.94
2025-05-23 11:43:47,Buy,OPEN,158,0.67
2025-05-23 11:59:08,Buy,TSLA,1,333.43
2025-05-23 15:06:00,Buy,UNH,1,292.98
2025-05-23 15:32:15,Buy,AAPL,1,193.54
2025-05-26 09:50:50,Buy,ATZ,5,64.38
2025-05-26 09:55:27,Sell,ATZ,58,64.39
2025-05-26 09:58:06,Sell,ATZ,24,64.47
2025-05-26 11:10:58,Buy,ATZ,17,64.39
2025-05-26 11:27:59,Buy,ATZ,26,64.38
2025-05-26 11:47:10,Buy,ATZ,14,64.37
2025-05-26 13:56:08,Sell,ATZ,86,64.5
2025-05-26 15:34:54,Sell,ATZ,5,64.48
2025-05-27 11:39:37,Sell,LULU,1,314.37
2025-05-27 13:48:01,Buy,ATZ,47,66.26
2025-05-27 14:02:04,Sell,PLTR,20,123.36
2025-05-28 10:06:36,Buy,TSLA,8,358.84
2025-05-28 10:47:07,Buy,TSLA,4,362.92
2025-05-28 11:53:25,Sell,LULU,2,315.83
2025-05-28 14:58:15,Buy,COST,2,1013.15
2025-05-28 15:54:20,Buy,OPEN,568,0.67
2025-05-29 14:24:59,Buy,NVDA,5,140.23
2025-05-29 14:52:40,Buy,ATZ,8,67.69
2025-05-30 09:55:55,Buy,AAPL,1,198.47
2025-06-02 09:51:44,Buy,NVDA,5,135.48
2025-06-03 09:30:14,Sell,NVDA,8,138.2
2025-06-03 13:24:41,Sell,PLTR,8,130.39
2025-06-03 14:30:40,Sell,COST,2,1045.27
2025-06-04 09:33:44,Sell,RY,5,127.76
2025-06-04 15:23:41,Buy,OPEN,938,0.59
2025-06-05 09:49:22,Sell,PLTR,4,124.31
2025-06-05 15:07:54,Buy,UNH,3,295.48
2025-06-05 15:33:32,Buy,LULU,1,332.36
2025-06-06 09:44:39,Buy,PLTR,10,122.09
2025-06-06 13:28:29,Buy,OPEN,1705,0.66
2025-06-06 14:00:04,Buy,ATZ,11,67.93
2025-06-09 11:59:56,Sell,RY,13,127.27
2025-06-10 11:07:05,Buy,UNH,2,302.94
2025-06-10 14:09:56,Buy,OPEN,2148,0.59
2025-06-11 13:33:12,Sell,NVDA,25,143.44
2025-06-12 10:46:19,Buy,PLTR,8,135.83
2025-06-12 11:24:58,Sell,PLTR,14,135.23
2025-06-13 14:34:43,Buy,PLTR,2,133.52
2025-06-13 15:47:21,Buy,AAPL,1,199.17
2025-06-16 11:09:50,Buy,UNH,5,307.76
2025-06-16 14:53:57,Buy,PLTR,1,139.99
2025-06-17 09:54:15,Buy,ATZ,5,66.71
2025-06-17 12:26:56,Buy,PLTR,2,137.97
2025-06-17 13:25:51,Sell,NVDA,12,143.99
2025-06-18 10:56:48,Buy,AAPL,2,195.41
2025-06-18 13:24:56,Buy,LULU,2,229.35
2025-06-18 14:54:16,Buy,RY,13,128.23
2025-06-20 10:59:05,Buy,OPEN,27,0.56
2025-06-23 09:45:22,Buy,RY,1,126.24
2025-06-23 10:47:39,Buy,LULU,3,226.51
2025-06-23 10:55:53,Buy,AAPL,5,201.58
2025-06-26 09:41:53,Buy,ATZ,4,68.16
2025-06-26 15:32:40,Buy,LULU,1,231.93
2025-06-26 15:53:15,Sell,NVDA,4,155.29
2025-06-27 09:33:41,Buy,ATZ,12,68.92
2025-06-27 10:12:55,Buy,TSLA,1,319.5
2025-06-27 15:06:24,Buy,NVDA,1,155.64
2025-06-30 11:28:29,Buy,TSLA,1,317.94
2025-06-30 14:29:39,Buy,LULU,1,234.65
2025-07-03 10:19:40,Buy,UNH,1,308.24
2025-07-03 12:47:20,Buy,LULU,3,246.62
2025-07-03 14:08:35,Sell,COST,1,979.85
2025-07-07 10:57:01,Buy,PLTR,1,133.26
2025-07-08 09:30:22,Buy,NVDA,2,159.11
2025-07-08 13:56:44,Sell,ATZ,56,74.8
2025-07-08 14:48:42,Buy,PLTR,3,136.72
2025-07-09 15:49:56,Sell,NVDA,3,161.18
2025-07-10 11:02:05,Buy,LULU,3,236.76
2025-07-15 09:37:21,Sell,NVDA,2,170.32
2025-07-15 10:19:03,Buy,AAPL,3,209.05
2025-07-15 10:35:48,Buy,PLTR,9,147.58
2025-07-15 11:15:28,Sell,RY,3,131.05
2025-07-15 11:27:54,Sell,AAPL,25,209.02
2025-07-15 11:52:50,Buy,PLTR,5,148.68
2025-07-15 14:06:05,Buy,OPEN,10,1.0
2025-07-15 14:52:58,Buy,PLTR,4,148.4
2025-07-15 15:29:23,Buy,NVDA,3,171.13
2025-07-16 09:57:43,Buy,TSLA,1,312.76
2025-07-16 10:21:36,Buy,RY,7,130.66
2025-07-16 10:28:32,Buy,OPEN,722,1.2
2025-07-16 12:08:33,Sell,NVDA,1,169.78
2025-07-16 12:17:24,Buy,TSLA,1,312.76
2025-07-16 14:18:57,Sell,PLTR,36,149.03
2025-07-16 15:40:09,Buy,PLTR,11,148.31
2025-07-16 15:41:31,Buy,PLTR,5,148.31
2025-07-17 09:35:54,Sell,AAPL,20,210.09
2025-07-17 10:20:25,Buy,NVDA,3,171.02
2025-07-17 10:48:24,Buy,ATZ,10,72.58
2025-07-17 13:56:38,Buy,ATZ,6,72.58
2025-07-21 09:44:54,Buy,PLTR,5,151.7
2025-07-21 15:01:12,Sell,NVDA,4,171.0
2025-07-22 10:07:37,Buy,PLTR,5,146.69
2025-07-22 11:46:54,Sell,ATZ,6,73.63
2025-07-29 11:04:13,Buy,UNH,7,262.28
2025-07-29 12:13:33,Sell,UNH,12,261.25
2025-07-29 12:19:01,Buy,OPEN,550,1.92
2025-07-29 12:25:33,Buy,NVDA,3,177.84
2025-07-29 15:23:16,Buy,ATZ,42,75.11
2025-07-30 10:07:35,Buy,NVDA,2,176.35
2025-07-30 10:10:12,Buy,COST,1,925.55
2025-07-30 11:37:16,Sell,RY,10,129.22
2025-07-30 12:09:13,Sell,OPEN,17581,2.01
2025-07-30 12:25:38,Buy,PLTR,2,156.73
2025-07-30 13:04:58,Sell,NVDA,1,176.29
2025-07-30 15:53:54,Buy,RY,7,129.38
2025-07-31 09:33:00,Buy,RY,15,128.36
2025-07-31 11:11:10,Buy,TSLA,21,316.64
2025-07-31 12:54:54,Sell,PLTR,8,157.09
2025-07-31 14:57:29,Sell,PLTR,21,159.97
2025-07-31 15:01:01,Buy,AAPL,2,207.7
2025-08-01 09:45:24,Buy,ATZ,18,72.56
2025-08-01 09:56:19,Sell,COST,1,939.5
2025-08-01 09:57:35,Sell,RY,15,127.59
2025-08-01 10:34:01,Buy,RY,13,127.6
2025-08-01 10:51:23,Buy,TSLA,4,302.6
2025-08-01 11:34:04,Buy,RY,4,127.73
2025-08-01 11:59:38,Buy,COST,2,939.5
2025-08-01 12:25:51,Buy,ATZ,34,72.22
2025-08-01 14:31:29,Buy,COST,7,939.5
2025-08-01 15:23:19,Sell,COST,1,939.5
2025-08-04 14:15:11,Buy,PLTR,6,158.43
2025-08-04 14:27:41,Sell,OPEN,12414,2.24
2025-08-05 10:12:20,Buy,OPEN,94,2.39
2025-08-05 10:20:17,Sell,TSLA,14,308.16
2025-08-05 10:32:27,Buy,LULU,52,195.09
2025-08-05 11:17:40,Buy,OPEN,5639,2.37
2025-08-05 14:54:38,Sell,NVDA,1,179.36
2025-08-05 15:44:13,Sell,NVDA,4,178.13
2025-08-06 09:31:39,Buy,RY,5,131.45
2025-08-06 09:45:10,Buy,PLTR,2,171.03
2025-08-06 09:49:46,Buy,COST,2,942.95
2025-08-06 10:28:58,Buy,COST,2,943.61
2025-08-06 10:30:05,Buy,COST,5,943.06
2025-08-06 12:12:39,Buy,TSLA,14,307.34
2025-08-06 12:52:53,Buy,NVDA,9,176.27
2025-08-06 15:17:35,Buy,COST,8,943.6
2025-08-08 11:40:46,Buy,AAPL,10,220.67
2025-08-08 12:34:16,Sell,PLTR,1,184.42
2025-08-11 09:43:06,Buy,LULU,5,188.33
2025-08-11 11:00:26,Buy,UNH,3,253.36
2025-08-12 10:09:58,Buy,RY,2,133.76
2025-08-12 14:03:21,Buy,PLTR,1,183.49
2025-08-12 14:06:07,Buy,AAPL,4,227.44
2025-08-13 10:00:52,Sell,OPEN,11725,2.4
2025-08-14 11:26:03,Buy,UNH,5,269.02
2025-08-15 09:52:23,Sell,COST,16,970.58
2025-08-15 10:01:33,Buy,LULU,7,198.29
2025-08-18 09:56:22,Sell,RY,29,136.11
2025-08-18 10:59:23,Buy,AAPL,7,230.73
2025-08-18 14:22:43,Sell,PLTR,6,174.86
2025-08-19 10:40:46,Buy,COST,6,976.81
2025-08-19 12:40:48,Buy,UNH,8,301.63
2025-08-20 09:47:47,Sell,PLTR,1,150.99
2025-08-20 15:50:08,Sell,COST,2,979.0
2025-08-21 09:56:54,Buy,LULU,11,195.91
2025-08-21 10:44:47,Sell,RY,11,136.09
2025-08-21 12:19:38,Buy,UNH,17,297.98
2025-08-21 12:33:07,Buy,PLTR,42,154.34
2025-08-22 12:27:27,Buy,PLTR,4,154.67
2025-08-22 13:39:33,Buy,ATZ,35,76.2
2025-08-22 13:40:36,Buy,AAPL,5,225.97
2025-08-25 09:44:07,Buy,TSLA,21,338.67
2025-08-25 12:30:44,Buy,OPEN,1137,4.74
2025-08-26 11:13:27,Sell,ATZ,84,78.66
2025-08-26 13:43:41,Buy,TSLA,3,344.51
2025-08-26 14:54:07,Buy,RY,12,136.24
2025-08-27 09:42:16,Sell,LULU,32,203.51
2025-08-27 09:44:21,Buy,ATZ,102,79.12
2025-08-27 10:15:45,Buy,ATZ,43,79.17
2025-08-27 11:06:42,Sell,TSLA,84,349.32
2025-08-27 12:27:22,Sell,COST,3,940.06
2025-08-27 13:52:35,Buy,OPEN,1066,4.77
2025-08-27 13:54:59,Buy,ATZ,64,79.18
2025-08-27 14:55:20,Buy,TSLA,11,351.4
2025-08-27 15:11:42,Buy,LULU,6,203.72
2025-08-27 15:25:32,Buy,TSLA,21,350.11
2025-08-28 09:48:40,Buy,TSLA,21,341.97
2025-08-28 10:15:40,Sell,UNH,21,302.48
2025-08-28 12:43:50,Sell,RY,12,145.46
2025-08-28 13:27:32,Buy,LULU,1,204.96
2025-08-28 14:03:04,Buy,UNH,4,300.24
2025-08-29 11:33:30,Buy,UNH,9,301.16
2025-08-29 11:51:31,Buy,UNH,16,301.12
2025-08-29 11:52:33,Buy,RY,21,145.29
2025-08-29 15:25:58,Buy,AAPL,9,231.61
2025-09-02 11:13:27,Buy,LULU,1,198.1
2025-09-02 12:21:18,Sell,RY,20,143.37
2025-09-02 12:24:34,Sell,OPEN,365,4.17
2025-09-02 12:27:31,Buy,RY,9,143.2
2025-09-02 12:31:16,Buy,ATZ,20,80.63
2025-09-02 12:54:20,Buy,RY,8,143.78
2025-09-02 13:32:28,Buy,COST,1,936.71
2025-09-02 13:54:42,Buy,ATZ,11,80.57
2025-09-02 15:11:32,Buy,OPEN,499,4.21
2025-09-02 15:29:06,Buy,RY,9,143.63
2025-09-03 09:30:08,Buy,ATZ,10,83.6
2025-09-03 09:36:34,Buy,COST,2,937.67
2025-09-03 09:42:03,Sell,UNH,30,307.95
2025-09-03 11:23:44,Buy,TSLA,1,333.16
2025-09-03 12:59:22,Sell,TSLA,30,331.8
2025-09-03 13:52:55,Buy,ATZ,11,83.6
2025-09-03 15:28:09,Sell,OPEN,606,4.98
2025-09-04 14:58:21,Sell,NVDA,2,169.51
2025-09-05 13:22:03,Sell,AAPL,33,239.15
2025-09-08 09:56:47,Buy,UNH,11,315.23
2025-09-09 09:39:02,Buy,UNH,11,330.02
2025-09-09 13:24:53,Buy,OPEN,668,5.9
2025-09-10 10:55:31,Buy,OPEN,329,5.68
2025-09-10 11:47:42,Sell,PLTR,33,163.46
2025-09-10 12:11:56,Sell,LULU,14,163.41
2025-09-10 12:58:50,Sell,OPEN,2071,5.93
2025-09-10 13:32:09,Buy,COST,2,958.51
2025-09-10 14:23:18,Buy,LULU,30,163.29
2025-09-10 14:54:48,Buy,UNH,2,344.05
2025-09-11 11:34:52,Buy,TSLA,1,349.57
2025-09-12 10:38:49,Sell,LULU,25,163.6
2025-09-12 11:41:46,Buy,PLTR,8,164.43
2025-09-12 14:24:11,Buy,LULU,14,163.67
2025-09-12 14:33:31,Buy,PLTR,6,164.62
2025-09-12 14:36:32,Sell,PLTR,13,164.22
2025-09-15 11:16:05,Buy,TSLA,1,403.21
2025-09-15 11:33:42,Sell,PLTR,8,168.65
2025-09-15 11:34:03,Buy,ATZ,20,84.58
2025-09-15 12:07:39,Buy,OPEN,323,9.32
2025-09-15 12:23:17,Buy,NVDA,22,175.59
2025-09-15 13:33:03,Sell,COST,13,967.76
2025-09-15 13:50:52,Sell,ATZ,43,84.58
2025-09-16 10:26:41,Buy,NVDA,21,176.2
2025-09-16 12:26:15,Sell,NVDA,31,176.85
2025-09-16 14:35:58,Sell,OPEN,4206,9.51
2025-09-18 09:44:04,Sell,NVDA,2,173.73
2025-09-19 11:35:59,Buy,ATZ,6,87.85
2025-09-19 14:47:01,Buy,OPEN,280,9.38
2025-09-19 15:21:35,Buy,LULU,57,168.45
2025-09-22 09:41:28,Sell,ATZ,15,89.12
2025-09-22 11:05:29,Buy,LULU,43,165.57
2025-09-22 13:34:09,Buy,COST,5,946.22
2025-09-23 11:42:49,Sell,AAPL,13,253.61
2025-09-24 10:09:22,Buy,LULU,12,171.88
2025-09-24 14:09:15,Sell,COST,1,943.45
2025-09-24 15:45:10,Sell,NVDA,11,177.29
2025-09-25 09:35:01,Buy,NVDA,26,173.19
2025-09-25 09:43:14,Buy,NVDA,36,173.84
2025-09-29 10:11:57,Buy,UNH,16,343.67
2025-09-29 10:48:05,Buy,TSLA,11,443.66
2025-09-29 11:28:12,Buy,LULU,77,177.1
2025-10-02 10:01:47,Buy,TSLA,7,441.45
2025-10-06 11:11:54,Sell,COST,1,915.03
2025-10-09 09:40:09,Buy,ATZ,42,81.7
2025-10-09 09:51:07,Buy,COST,3,929.22
2025-10-09 12:30:48,Buy,TSLA,7,429.34
2025-10-09 15:18:05,Buy,NVDA,4,191.47
2025-10-10 09:31:49,Buy,TSLA,1,414.23
2025-10-10 10:51:02,Sell,TSLA,41,427.56
2025-10-10 11:09:24,Buy,PLTR,2,175.58
2025-10-10 11:12:53,Buy,PLTR,16,175.69
2025-10-10 11:22:55,Buy,ATZ,31,86.36
2025-10-10 11:26:15,Sell,COST,1,936.66
2025-10-10 15:13:52,Buy,COST,2,941.4
2025-10-10 15:28:35,Buy,AAPL,16,250.46
2025-10-13 10:59:15,Buy,OPEN,640,7.35
2025-10-13 13:21:00,Buy,LULU,12,167.84
2025-10-13 14:21:53,Sell,TSLA,8,420.63
2025-10-13 14:24:02,Sell,OPEN,63,7.26
2025-10-15 10:08:34,Buy,ATZ,11,87.32
2025-10-15 12:15:05,Buy,ATZ,15,87.18
2025-10-15 12:31:14,Sell,LULU,28,167.26
2025-10-15 14:22:55,Sell,RY,25,145.69
2025-10-15 15:50:54,Buy,RY,18,145.59
2025-10-16 09:30:26,Buy,RY,70,144.84
2025-10-16 10:12:53,Buy,RY,7,145.08
2025-10-16 11:06:54,Buy,RY,26,144.93
2025-10-16 12:26:28,Buy,ATZ,18,88.62
2025-10-16 13:12:39,Sell,ATZ,30,88.62
2025-10-16 13:19:10,Buy,PLTR,9,176.99
2025-10-16 13:26:32,Sell,UNH,82,361.27
2025-10-16 13:53:27,Sell,NVDA,61,181.78
2025-10-16 14:57:36,Sell,ATZ,384,88.62
2025-10-17 09:47:21,Buy,AAPL,15,247.59
2025-10-17 10:56:47,Sell,AAPL,37,247.37
2025-10-17 12:41:38,Buy,AAPL,7,247.39
2025-10-17 12:43:01,Sell,TSLA,2,424.33
2025-10-17 12:45:02,Buy,RY,21,144.44
2025-10-17 14:16:15,Buy,NVDA,42,179.8
2025-10-17 15:14:02,Buy,PLTR,3,176.57
2025-10-17 15:26:42,Sell,AAPL,33,247.9
2025-10-17 15:29:49,Sell,RY,70,144.29
2025-10-20 09:36:39,Sell,ATZ,58,90.56
2025-10-20 09:38:58,Buy,AAPL,11,255.74
2025-10-20 09:46:21,Sell,RY,19,145.57
2025-10-20 10:21:59,Buy,LULU,13,171.28
2025-10-20 11:03:44,Buy,RY,33,145.57
2025-10-20 14:14:23,Buy,COST,3,933.75
2025-10-20 14:56:22,Buy,AAPL,25,255.8
2025-10-20 15:08:43,Buy,AAPL,47,255.68
2025-10-20 15:54:13,Sell,TSLA,2,442.1
2025-10-21 09:37:29,Sell,ATZ,8,90.92
2025-10-21 09:58:38,Buy,AAPL,7,261.84
2025-10-21 10:17:40,Buy,LULU,12,173.1
2025-10-21 11:02:10,Sell,ATZ,2,91.15
2025-10-21 11:38:44,Buy,LULU,35,172.93
2025-10-21 12:11:43,Buy,LULU,31,173.13
2025-10-21 12:46:21,Buy,OPEN,280,6.97
2025-10-21 14:57:34,Buy,LULU,16,173.17
2025-10-22 10:52:04,Buy,AAPL,10,257.13
2025-10-22 12:55:57,Buy,COST,11,937.86
2025-10-22 14:03:51,Buy,OPEN,751,6.69
2025-10-22 14:46:42,Buy,TSLA,11,436.33
2025-10-22 15:40:01,Buy,OPEN,1026,6.56
2025-10-23 09:54:40,Sell,ATZ,2,91.61
2025-10-23 13:19:22,Buy,AAPL,10,259.71
2025-10-23 13:39:56,Buy,NVDA,9,180.38
2025-10-23 14:22:23,Buy,LULU,28,177.93
2025-10-23 14:30:30,Sell,ATZ,1,91.3
2025-10-23 14:43:34,Buy,ATZ,12,91.64
2025-10-23 14:45:54,Buy,NVDA,8,179.85
2025-10-27 11:28:03,Buy,ATZ,23,95.75
2025-10-27 13:06:26,Sell,PLTR,10,187.67
2025-10-27 13:37:36,Sell,LULU,11,183.29
2025-10-27 13:50:58,Buy,OPEN,250,7.94
2025-10-27 13:51:25,Buy,AAPL,12,264.72
2025-10-28 09:42:55,Sell,LULU,59,177.01
2025-10-28 13:25:32,Sell,LULU,282,181.37
2025-10-29 11:21:13,Sell,RY,8,147.66
2025-10-29 11:22:39,Sell,OPEN,689,7.93
2025-10-29 15:15:06,Buy,OPEN,33,7.97
2025-10-30 13:40:36,Buy,LULU,55,167.69
2025-10-31 10:12:52,Buy,NVDA,41,203.42
2025-11-04 09:46:44,Buy,PLTR,72,186.17
2025-11-04 09:48:56,Buy,LULU,37,161.99
2025-11-04 14:46:51,Buy,AAPL,26,268.04
2025-11-04 15:33:52,Sell,ATZ,5,97.4
2025-11-05 09:36:09,Buy,ATZ,27,95.38
2025-11-05 09:37:46,Sell,LULU,63,161.19
2025-11-05 09:56:19,Sell,LULU,6,161.1
2025-11-05 10:09:55,Sell,NVDA,15,198.28
2025-11-05 11:03:57,Buy,COST,3,928.67
2025-11-05 11:25:51,Sell,TSLA,10,451.25
2025-11-05 13:52:18,Buy,AAPL,15,267.93
2025-11-07 12:08:09,Buy,NVDA,18,181.37
2025-11-07 14:31:00,Sell,AAPL,81,267.99
2025-11-07 15:34:49,Buy,PLTR,10,169.7
2025-11-10 10:19:29,Sell,OPEN,811,6.7
2025-11-10 13:17:01,Buy,ATZ,62,95.6
2025-11-10 13:18:24,Sell,NVDA,59,194.06
2025-11-11 11:18:52,Buy,RY,140,147.0
2025-11-11 12:38:21,Buy,LULU,11,169.88
2025-11-11 14:45:30,Sell,OPEN,277,7.91
2025-11-11 15:48:14,Sell,NVDA,43,192.53
2025-11-12 11:06:46,Buy,RY,29,147.09
2025-11-12 11:31:54,Buy,LULU,13,170.64
2025-11-12 13:55:39,Sell,NVDA,3,191.93
2025-11-13 10:07:45,Sell,RY,46,146.15
2025-11-14 13:32:44,Sell,COST,4,922.09
2025-11-14 14:26:41,Sell,ATZ,10,94.5
2025-11-14 15:21:18,Buy,PLTR,2,164.8
2025-11-17 12:48:29,Sell,OPEN,785,7.72
2025-11-17 14:55:39,Buy,AAPL,12,266.26
2025-11-18 09:41:11,Buy,NVDA,14,179.88
2025-11-18 09:45:36,Buy,OPEN,621,7.43
2025-11-18 10:39:20,Sell,RY,156,146.67
2025-11-18 11:15:03,Buy,LULU,66,162.26
2025-11-18 11:19:08,Buy,AAPL,17,268.2
2025-11-18 11:45:51,Sell,AAPL,51,266.25
2025-11-18 11:55:03,Buy,OPEN,1319,7.38
2025-11-18 11:58:12,Buy,UNH,15,309.19
2025-11-18 12:02:10,Buy,UNH,6,314.36
2025-11-18 12:39:32,Sell,RY,37,146.69
2025-11-18 14:02:50,Sell,OPEN,2158,7.19
2025-11-18 14:32:08,Buy,UNH,35,314.69
2025-11-18 14:32:10,Sell,COST,8,909.95
2025-11-18 14:38:13,Buy,ATZ,202,97.84
2025-11-19 09:53:40,Buy,ATZ,83,99.97
2025-11-19 10:19:23,Sell,OPEN,937,7.37
2025-11-19 11:30:05,Sell,AAPL,40,265.52
2025-11-19 11:47:08,Buy,UNH,1,313.87
2025-11-19 12:25:05,Buy,OPEN,449,6.59
2025-11-19 12:58:13,Buy,UNH,26,305.2
2025-11-19 13:50:29,Sell,RY,14,147.99
2025-11-19 14:47:30,Sell,OPEN,617,6.7
2025-11-19 15:52:06,Buy,AAPL,20,265.52
2025-11-20 11:50:27,Buy,ATZ,20,101.82
2025-11-20 11:59:57,Buy,UNH,18,310.16
2025-11-20 12:06:35,Buy,LULU,1,165.26
2025-11-20 12:59:31,Sell,RY,2,146.77
2025-11-20 14:51:45,Sell,COST,9,891.18
2025-11-20 14:59:31,Sell,RY,1,146.76
2025-11-21 09:31:01,Buy,RY,12,147.88
2025-11-21 13:42:25,Buy,AAPL,24,265.86
2025-11-21 14:23:03,Buy,COST,6,892.54
2025-11-21 14:59:51,Buy,TSLA,1,388.95
2025-11-21 15:22:00,Buy,OPEN,408,6.23
2025-11-21 15:24:26,Sell,AAPL,4,265.75
2025-11-21 15:28:37,Buy,TSLA,7,400.44
2025-11-21 15:43:47,Buy,RY,20,148.19
2025-11-21 15:46:07,Buy,UNH,11,311.88
2025-11-24 09:37:52,Buy,ATZ,21,106.85
2025-11-24 09:39:01,Buy,ATZ,29,106.85
2025-11-24 10:30:55,Buy,AAPL,21,270.9
2025-11-24 11:02:25,Buy,AAPL,15,270.9
2025-11-24 11:33:58,Buy,TSLA,3,402.02
2025-11-24 13:37:40,Sell,ATZ,129,106.85
2025-11-24 14:26:17,Buy,ATZ,5,106.85
2025-11-24 14:51:08,Buy,LULU,37,166.61
2025-11-24 15:15:17,Buy,LULU,12,166.6
2025-11-24 15:20:39,Buy,TSLA,11,401.12
2025-11-24 15:23:26,Buy,LULU,5,167.52
2025-11-24 15:34:57,Sell,COST,6,892.22
2025-11-25 11:03:06,Buy,LULU,16,171.54
2025-11-25 11:35:27,Sell,LULU,47,171.54
2025-11-25 12:10:31,Sell,PLTR,10,156.75
2025-11-25 12:36:51,Sell,RY,6,150.16
2025-11-25 13:00:47,Buy,LULU,1,171.53
2025-11-25 13:01:01,Buy,ATZ,7,107.89
2025-11-25 13:31:41,Sell,PLTR,40,158.85
2025-11-25 14:29:59,Sell,LULU,127,171.52
2025-11-25 14:55:34,Buy,OPEN,128,7.54
2025-11-26 09:36:24,Buy,LULU,1,177.82
2025-11-26 09:50:07,Buy,AAPL,8,276.82
2025-11-26 09:50:57,Sell,OPEN,109,7.54
2025-11-26 09:52:09,Buy,ATZ,37,109.88
2025-11-26 12:19:12,Buy,OPEN,31,7.62
2025-11-26 13:22:26,Buy,OPEN,810,7.61
2025-11-26 13:30:21,Buy,LULU,62,177.95
2025-11-26 13:33:32,Buy,OPEN,382,7.45
2025-11-26 15:37:09,Buy,ATZ,20,109.85
2025-11-27 09:40:00,Sell,ATZ,416,110.92
2025-11-27 11:49:32,Buy,ATZ,25,110.94
2025-11-27 12:23:20,Buy,ATZ,7,110.94
2025-11-27 13:52:32,Buy,ATZ,19,110.81
2025-11-27 15:12:38,Buy,ATZ,38,110.83
2025-11-27 15:29:43,Buy,ATZ,15,111.0
2025-11-28 09:49:27,Buy,OPEN,286,7.68
2025-11-28 10:14:06,Buy,LULU,28,183.99
2025-11-28 10:26:27,Sell,UNH,48,328.91
2025-11-28 10:51:46,Sell,AAPL,58,276.13
2025-11-28 12:50:33,Buy,ATZ,35,109.9
2025-11-28 13:09:11,Buy,TSLA,22,426.25
2025-11-28 14:29:14,Sell,RY,3,153.99
2025-11-28 15:24:43,Sell,OPEN,1479,7.81
2025-12-01 09:49:55,Buy,OPEN,1549,7.34
2025-12-01 11:41:54,Sell,OPEN,1967,7.38
2025-12-01 12:01:50,Buy,PLTR,50,163.76
2025-12-01 12:04:23,Sell,OPEN,154,7.16
2025-12-01 13:03:43,Buy,LULU,8,180.85
2025-12-01 14:36:10,Sell,LULU,42,180.7
2025-12-01 15:36:45,Sell,NVDA,5,174.1
2025-12-02 10:13:15,Buy,LULU,49,183.16
2025-12-02 10:34:10,Buy,COST,3,905.17
2025-12-02 11:15:19,Sell,PLTR,7,169.59
2025-12-02 12:20:01,Buy,COST,12,908.55
2025-12-02 12:39:57,Buy,NVDA,15,180.51
2025-12-02 12:57:03,Buy,NVDA,7,180.55
2025-12-02 15:30:37,Sell,TSLA,4,428.39
2025-12-03 09:33:37,Sell,OPEN,202,6.95
2025-12-03 10:39:23,Sell,COST,1,919.92
2025-12-03 10:42:10,Buy,UNH,12,325.29
2025-12-03 13:23:45,Sell,UNH,27,325.04
2025-12-03 14:17:22,Sell,TSLA,13,431.27
2025-12-03 15:12:05,Sell,COST,20,917.58
2025-12-04 09:37:23,Buy,ATZ,10,110.46
2025-12-04 09:46:54,Buy,TSLA,18,445.82
2025-12-04 09:52:10,Buy,PLTR,40,175.22
2025-12-04 10:01:31,Sell,PLTR,135,175.68
2025-12-04 10:29:15,Sell,AAPL,50,281.83
2025-12-04 12:05:25,Sell,NVDA,7,180.44
2025-12-04 12:46:08,Buy,TSLA,4,449.13
2025-12-04 14:10:33,Buy,TSLA,5,448.54
2025-12-05 10:05:23,Buy,PLTR,29,177.55
2025-12-05 11:15:26,Sell,RY,7,161.03
2025-12-05 11:22:06,Buy,TSLA,13,452.3
2025-12-05 14:20:42,Buy,OPEN,1230,7.27
2025-12-05 15:46:44,Buy,PLTR,116,177.78
2025-12-08 09:44:47,Buy,PLTR,1,179.84
2025-12-08 11:48:58,Buy,LULU,34,186.92
2025-12-08 12:48:20,Buy,UNH,24,326.81
2025-12-08 13:09:36,Buy,RY,71,162.79
2025-12-08 13:10:47,Buy,PLTR,2,180.05
2025-12-08 13:15:35,Buy,RY,74,162.84
2025-12-08 14:13:06,Buy,PLTR,14,180.62
2025-12-08 14:55:51,Buy,UNH,45,323.6
2025-12-09 09:54:48,Buy,PLTR,49,180.56
2025-12-09 10:19:38,Sell,AAPL,4,278.0
2025-12-09 11:30:46,Sell,OPEN,777,6.96
2025-12-09 12:15:47,Sell,UNH,130,322.64
2025-12-09 12:26:53,Sell,ATZ,69,113.49
2025-12-09 12:36:19,Buy,NVDA,4,184.69
2025-12-09 12:44:18,Sell,RY,161,163.45
2025-12-09 14:55:04,Buy,PLTR,36,180.89
2025-12-10 09:30:18,Buy,PLTR,28,182.99
2025-12-10 09:44:47,Sell,UNH,1,322.17
2025-12-10 09:51:01,Sell,ATZ,41,115.11
2025-12-10 09:52:25,Sell,OPEN,228,7.02
2025-12-10 09:57:35,Buy,RY,4,163.31
2025-12-10 10:01:36,Sell,AAPL,6,276.73
2025-12-10 10:30:59,Sell,RY,1,163.16
2025-12-10 11:41:52,Buy,ATZ,29,115.11
2025-12-10 12:37:20,Buy,AAPL,8,277.37
2025-12-10 13:12:45,Buy,RY,77,163.41
2025-12-10 13:35:02,Buy,PLTR,38,183.74
2025-12-11 09:45:28,Buy,LULU,28,183.09
2025-12-11 09:50:59,Buy,PLTR,10,184.23
2025-12-11 10:47:13,Sell,ATZ,160,116.38
2025-12-11 12:31:44,Buy,ATZ,34,115.71
2025-12-11 13:02:39,Buy,RY,37,166.47
2025-12-11 13:49:07,Buy,RY,42,165.55
2025-12-11 14:03:17,Buy,ATZ,150,115.76
2025-12-11 14:25:41,Buy,UNH,9,329.92
2025-12-11 14:34:00,Buy,NVDA,25,177.31
2025-12-11 15:02:43,Buy,UNH,4,329.17
2025-12-11 15:24:51,Buy,RY,27,165.33
2025-12-12 12:55:46,Buy,COST,1,871.72
2025-12-12 12:56:33,Buy,NVDA,16,178.72
2025-12-12 14:09:42,Buy,PLTR,39,177.91
2025-12-12 14:20:01,Buy,UNH,10,337.41
2025-12-12 14:24:16,Sell,LULU,134,203.48
2025-12-12 14:59:34,Sell,UNH,10,337.37
2025-12-15 10:43:18,Buy,OPEN,159,6.5
2025-12-15 12:05:57,Buy,TSLA,25,468.5
2025-12-15 13:08:22,Buy,RY,5,165.7
2025-12-15 13:22:15,Sell,PLTR,283,184.72
2025-12-15 14:03:10,Buy,UNH,12,338.48
2025-12-15 14:10:45,Buy,COST,10,867.64
2025-12-16 09:49:06,Buy,AAPL,15,272.2
2025-12-16 12:22:21,Buy,UNH,16,333.43
2025-12-16 12:33:33,Buy,OPEN,1122,6.4
2025-12-16 13:11:33,Sell,TSLA,21,469.36
2025-12-16 13:37:12,Buy,TSLA,6,465.86
2025-12-16 15:46:05,Sell,NVDA,16,175.47
2025-12-17 11:47:03,Sell,OPEN,580,6.44
2025-12-17 11:47:33,Buy,LULU,12,205.34
2025-12-17 12:28:32,Buy,TSLA,10,488.11
2025-12-17 14:13:28,Sell,UNH,10,332.73
2025-12-17 14:32:52,Buy,AAPL,4,273.74
2025-12-17 15:39:03,Sell,LULU,65,203.89
2025-12-18 09:39:06,Buy,LULU,62,220.85
2025-12-18 10:21:05,Buy,COST,13,852.57
2025-12-18 10:21:54,Buy,TSLA,2,475.14
2025-12-18 10:23:39,Sell,LULU,8,218.85
2025-12-18 10:37:25,Buy,TSLA,20,474.41
2025-12-18 11:16:10,Buy,RY,48,165.89
2025-12-18 11:18:41,Buy,PLTR,9,181.51
2025-12-18 11:47:21,Buy,RY,45,165.89
2025-12-18 12:04:19,Sell,PLTR,45,181.51
2025-12-18 12:22:49,Buy,RY,75,165.89
2025-12-18 15:51:11,Sell,TSLA,63,476.16
2025-12-19 09:54:21,Buy,NVDA,12,176.48
2025-12-19 09:58:34,Buy,NVDA,50,176.37
2025-12-19 11:01:53,Buy,RY,60,167.96
2025-12-19 12:22:48,Buy,NVDA,26,176.47
2025-12-19 13:00:25,Buy,NVDA,47,176.52
2025-12-22 09:38:15,Buy,TSLA,1,485.4
2025-12-22 09:44:31,Buy,NVDA,7,183.89
2025-12-22 09:55:08,Buy,ATZ,18,117.89
2025-12-22 10:13:27,Sell,COST,9,848.53
2025-12-22 10:41:46,Sell,PLTR,8,193.66
2025-12-22 12:33:12,Sell,ATZ,3,117.6
2025-12-22 12:44:51,Buy,NVDA,5,182.62
2025-12-22 14:34:37,Buy,OPEN,64,6.38
2025-12-22 14:51:04,Buy,PLTR,17,193.71
2025-12-23 10:51:13,Buy,COST,11,848.56
2025-12-23 11:13:39,Buy,RY,12,169.99
2025-12-23 12:09:26,Buy,NVDA,13,182.92
2025-12-23 12:27:50,Buy,COST,4,848.89
2025-12-23 13:51:38,Sell,NVDA,168,182.94
2025-12-23 14:23:31,Buy,PLTR,9,192.55
2025-12-23 14:42:57,Buy,NVDA,19,182.93
2025-12-23 15:36:48,Buy,NVDA,7,182.93
2025-12-24 12:09:48,Buy,ATZ,14,116.85
2025-12-24 12:41:48,Sell,NVDA,55,187.53
2025-12-24 12:56:05,Sell,PLTR,44,193.07
2025-12-24 13:02:32,Sell,ATZ,28,115.27
2025-12-24 14:47:28,Sell,ATZ,22,117.01
2025-12-24 14:49:16,Buy,PLTR,18,192.84
2025-12-24 15:16:12,Buy,TSLA,3,482.89
2025-12-24 15:36:01,Buy,LULU,2,213.01
2025-12-29 11:47:20,Buy,LULU,23,207.59
2025-12-29 13:31:41,Buy,COST,2,871.66
2025-12-30 09:42:12,Buy,NVDA,31,187.19
2025-12-30 09:44:14,Buy,NVDA,16,187.06
2025-12-30 13:07:45,Buy,UNH,9,329.52
2025-12-30 15:12:57,Sell,PLTR,20,182.11
2025-12-31 09:34:19,Buy,COST,3,863.59
2025-12-31 09:37:59,Sell,RY,164,170.75
2025-12-31 11:02:38,Buy,COST,6,863.02
2025-12-31 11:10:19,Sell,PLTR,2,180.74
2025-12-31 11:48:00,Buy,COST,5,861.35
2025-12-31 12:32:22,Buy,AAPL,16,271.8
2025-12-31 13:07:12,Buy,AAPL,11,271.82
2025-12-31 13:59:54,Sell,NVDA,28,187.93
2025-12-31 14:38:58,Buy,PLTR,1,180.0
2026-01-02 10:57:51,Buy,ATZ,8,116.89
2026-01-02 12:22:39,Buy,TSLA,3,455.19
2026-01-02 12:32:21,Buy,PLTR,2,174.56
2026-01-02 13:03:21,Buy,PLTR,13,174.68
2026-01-02 14:26:13,Buy,UNH,7,328.86
2026-01-02 15:56:47,Sell,UNH,12,329.18
2026-01-05 09:30:22,Sell,ATZ,8,118.35
2026-01-05 09:40:34,Sell,NVDA,2,189.31
2026-01-05 10:36:55,Sell,RY,119,170.57
2026-01-05 11:07:23,Buy,LULU,7,211.13
2026-01-05 12:38:38,Buy,LULU,26,211.29
2026-01-05 12:51:54,Sell,PLTR,20,172.98
2026-01-05 12:54:44,Sell,ATZ,29,117.58
2026-01-05 13:23:00,Buy,UNH,39,334.46
2026-01-05 15:10:34,Buy,LULU,15,211.18
2026-01-05 15:46:10,Buy,TSLA,6,445.2
2026-01-05 15:55:47,Sell,TSLA,36,446.12
2026-01-06 09:37:37,Buy,OPEN,1506,6.28
2026-01-06 10:37:58,Buy,TSLA,34,435.92
2026-01-06 10:43:38,Buy,UNH,10,347.87
2026-01-06 11:57:41,Buy,AAPL,8,262.77
2026-01-06 11:59:37,Buy,ATZ,19,119.4
2026-01-06 13:51:46,Buy,OPEN,781,6.46
2026-01-06 14:58:37,Buy,NVDA,32,187.12
2026-01-07 09:31:59,Buy,ATZ,10,121.38
2026-01-07 09:34:31,Sell,UNH,73,348.01
2026-01-07 10:00:03,Buy,AAPL,10,261.42
2026-01-07 10:01:56,Buy,OPEN,692,6.9
2026-01-07 11:34:28,Sell,RY,145,170.17
2026-01-07 11:36:11,Buy,ATZ,10,121.37
2026-01-07 11:58:20,Buy,TSLA,8,431.67
2026-01-07 12:02:04,Buy,ATZ,44,121.38
2026-01-07 13:47:19,Buy,ATZ,108,121.37
2026-01-07 14:19:27,Buy,AAPL,4,262.76
2026-01-07 15:24:04,Buy,UNH,13,340.66
2026-01-07 15:43:14,Buy,TSLA,1,432.3
2026-01-08 09:35:30,Buy,COST,6,897.31
2026-01-08 09:39:31,Sell,LULU,45,209.67
2026-01-08 09:43:03,Buy,COST,1,898.35
2026-01-08 10:56:47,Sell,COST,11,899.96
2026-01-08 11:48:35,Buy,RY,18,168.79
2026-01-08 12:31:45,Buy,ATZ,16,123.42
2026-01-08 12:50:26,Sell,COST,1,899.17
2026-01-08 12:51:23,Buy,COST,1,898.1
2026-01-08 13:09:15,Buy,PLTR,1,180.92
2026-01-08 15:09:17,Buy,ATZ,48,122.01
2026-01-09 09:47:15,Sell,ATZ,75,130.95
2026-01-09 10:49:47,Sell,ATZ,239,132.55
2026-01-09 11:13:44,Sell,OPEN,3973,7.09
2026-01-09 11:59:31,Buy,RY,17,169.45
2026-01-09 13:13:44,Buy,OPEN,648,7.09
2026-01-09 14:14:56,Buy,ATZ,30,132.69
2026-01-09 14:43:44,Buy,ATZ,15,129.1
2026-01-12 11:26:31,Sell,ATZ,10,130.01
2026-01-12 12:09:58,Buy,UNH,9,340.88
2026-01-12 12:16:00,Buy,ATZ,71,130.01
2026-01-12 13:14:36,Buy,RY,17,168.56
2026-01-12 14:35:29,Sell,COST,39,919.31
2026-01-12 14:38:12,Buy,PLTR,16,177.43
2026-01-13 10:40:37,Buy,COST,1,929.81
2026-01-13 10:42:12,Sell,OPEN,140,6.79
2026-01-13 12:14:44,Sell,TSLA,26,448.53
2026-01-13 15:27:34,Buy,RY,67,168.23
2026-01-13 15:45:53,Buy,ATZ,71,137.38
2026-01-14 10:09:33,Sell,AAPL,40,256.9
2026-01-14 11:14:27,Buy,COST,19,938.31
2026-01-14 11:51:13,Sell,COST,1,938.33
2026-01-14 13:18:06,Sell,COST,3,938.33
2026-01-14 13:36:25,Buy,AAPL,27,257.28
2026-01-14 13:39:46,Buy,RY,27,168.49
2026-01-15 12:27:27,Buy,PLTR,8,177.75
2026-01-15 12:49:28,Sell,LULU,57,202.8
2026-01-15 13:57:55,Buy,COST,4,951.82
2026-01-15 14:18:23,Buy,COST,6,952.93
2026-01-15 15:47:09,Sell,UNH,19,330.46
2026-01-16 10:02:09,Sell,ATZ,49,127.27
2026-01-16 10:54:13,Buy,ATZ,127,124.32
2026-01-16 11:27:50,Buy,OPEN,77,6.35
2026-01-16 12:03:29,Buy,TSLA,13,438.57
2026-01-16 12:21:22,Sell,ATZ,22,127.57
2026-01-16 12:35:04,Buy,COST,9,959.72
2026-01-16 14:23:01,Buy,RY,118,168.67
2026-01-16 15:07:25,Buy,RY,29,168.71
2026-01-16 15:12:30,Sell,RY,51,168.58
2026-01-19 11:10:27,Buy,ATZ,18,123.5
2026-01-19 11:42:36,Sell,ATZ,196,123.5
2026-01-19 12:09:23,Buy,ATZ,11,123.5
2026-01-19 12:50:55,Buy,ATZ,62,123.5
2026-01-19 13:05:28,Buy,ATZ,110,123.5
2026-01-19 13:23:07,Buy,ATZ,82,123.5
2026-01-19 14:16:47,Buy,ATZ,14,123.5
2026-01-19 15:20:53,Buy,ATZ,9,123.5
2026-01-20 09:32:45,Buy,TSLA,9,425.54
2026-01-20 09:42:07,Buy,COST,3,954.78
2026-01-20 11:07:43,Buy,ATZ,45,121.2
2026-01-20 11:22:19,Sell,LULU,17,190.99
2026-01-20 11:26:36,Buy,RY,11,168.95
2026-01-20 12:49:09,Buy,UNH,12,326.63
2026-01-20 13:05:43,Buy,LULU,29,198.4
2026-01-20 13:29:57,Buy,RY,15,167.44
2026-01-20 14:28:15,Buy,TSLA,1,422.33
2026-01-20 15:40:57,Buy,COST,4,957.38
2026-01-21 12:41:31,Buy,UNH,6,339.36
2026-01-21 13:10:34,Sell,AAPL,19,245.95
2026-01-21 13:54:47,Buy,PLTR,10,168.36
2026-01-22 09:49:08,Buy,NVDA,11,184.07
2026-01-22 11:46:45,Buy,OPEN,105,6.56
2026-01-22 12:15:05,Buy,COST,2,976.72
2026-01-22 12:16:44,Buy,UNH,6,346.92
2026-01-22 13:03:43,Buy,UNH,6,346.97
2026-01-23 09:43:15,Buy,AAPL,1,246.2
2026-01-23 10:28:14,Buy,LULU,3,192.62
2026-01-23 11:04:00,Buy,COST,1,971.36
2026-01-23 11:52:50,Buy,OPEN,97,6.05
2026-01-23 12:36:08,Sell,TSLA,18,446.71
2026-01-23 13:34:09,Buy,ATZ,3,120.6
2026-01-23 14:47:11,Buy,TSLA,2,444.3
2026-01-26 09:33:20,Buy,UNH,15,349.13
2026-01-26 10:14:35,Buy,ATZ,6,117.59
2026-01-26 13:30:30,Sell,COST,36,985.73
2026-01-27 09:42:59,Buy,NVDA,30,185.98
2026-01-27 10:48:58,Sell,RY,33,167.71
2026-01-27 11:00:23,Buy,AAPL,7,259.07
2026-01-27 11:41:52,Buy,TSLA,8,434.1
2026-01-27 12:28:16,Buy,OPEN,235,5.85
2026-01-27 13:20:41,Buy,ATZ,9,115.86
2026-01-27 13:59:17,Sell,OPEN,458,5.82
2026-01-27 14:00:04,Buy,RY,55,167.52
2026-01-27 14:16:45,Buy,AAPL,2,259.15
2026-01-27 14:34:44,Buy,TSLA,9,436.86
2026-01-27 14:52:00,Buy,PLTR,15,167.26
2026-01-27 14:55:15,Buy,TSLA,13,434.36
2026-01-28 12:05:04,Buy,AAPL,7,257.17
2026-01-28 14:53:29,Buy,AAPL,1,255.61
2026-01-28 14:55:39,Buy,TSLA,2,431.58
2026-01-29 09:36:09,Buy,NVDA,5,188.07
2026-01-29 09:42:53,Buy,COST,1,950.45
2026-01-29 09:47:40,Sell,RY,114,167.29
2026-01-29 10:44:05,Buy,COST,1,951.44
2026-01-29 11:29:39,Sell,NVDA,41,187.72
2026-01-29 14:16:15,Sell,OPEN,218,5.57
2026-01-29 15:47:07,Buy,NVDA,1,191.01
2026-01-30 10:09:22,Buy,NVDA,25,191.05
2026-01-30 11:03:39,Sell,RY,69,166.9
2026-01-30 12:50:09,Buy,AAPL,34,253.7
2026-01-30 13:56:15,Buy,AAPL,26,252.84
2026-01-30 14:08:40,Buy,RY,2,166.77
2026-01-30 14:55:09,Buy,NVDA,2,190.89
2026-01-30 15:54:33,Buy,PLTR,17,149.61
2026-02-02 09:32:27,Sell,COST,4,941.95
2026-02-02 11:11:25,Buy,NVDA,7,186.46
2026-02-02 11:36:26,Buy,RY,4,165.82
2026-02-02 12:56:26,Buy,LULU,10,174.08
2026-02-02 13:19:43,Buy,NVDA,1,185.7
2026-02-02 13:30:56,Buy,PLTR,2,147.6
2026-02-02 14:41:08,Buy,NVDA,3,187.03
2026-02-02 15:27:56,Buy,AAPL,9,259.29
2026-02-03 09:49:27,Sell,AAPL,120,268.81
2026-02-03 10:29:42,Buy,PLTR,11,158.69
2026-02-03 11:03:09,Buy,COST,11,964.29
2026-02-03 11:34:47,Buy,ATZ,11,113.59
2026-02-03 12:00:25,Buy,OPEN,716,4.83
2026-02-03 12:09:56,Sell,AAPL,2,267.88
2026-02-03 13:22:10,Buy,NVDA,8,182.78
2026-02-03 13:29:38,Buy,COST,2,964.3
2026-02-03 14:00:23,Buy,RY,22,168.33
2026-02-03 14:14:28,Buy,LULU,12,174.28
2026-02-03 14:22:44,Buy,COST,4,964.34
2026-02-03 15:12:49,Buy,RY,18,168.32
2026-02-03 15:23:00,Buy,COST,6,964.3
2026-02-03 15:29:45,Buy,COST,1,964.33
2026-02-05 10:28:41,Sell,PLTR,18,130.51
2026-02-06 09:47:39,Buy,COST,1,987.48
2026-02-06 10:10:30,Buy,ATZ,20,110.32
2026-02-06 11:17:39,Buy,PLTR,9,133.17
2026-02-06 12:10:41,Buy,TSLA,4,400.47
2026-02-06 12:31:41,Buy,ATZ,18,110.34
2026-02-06 12:40:39,Buy,AAPL,4,277.0
