Timestamp,Buy/Sell,Asset/Ticker,Amount,Price
2025-01-02 11:51:48,Buy,LULU,5,375.5
2025-01-06 09:59:18,Buy,COST,5,917.23
2025-01-06 10:30:17,Buy,COST,2,914.44
2025-01-06 11:27:28,Buy,PLTR,21,76.34
2025-01-06 12:40:17,Buy,LULU,17,381.42
2025-01-06 15:46:54,Buy,UNH,16,510.74
2025-01-08 10:49:41,Buy,UNH,2,511.12
2025-01-08 11:40:35,Sell,UNH,11,513.24
2025-01-08 11:48:37,Buy,LULU,11,388.89
2025-01-08 13:10:21,Buy,TSLA,9,388.79
2025-01-08 14:05:57,Buy,LULU,18,386.34
2025-01-09 10:38:02,Buy,ATZ,48,57.5
2025-01-09 10:41:56,Buy,ATZ,28,57.34
2025-01-09 12:41:12,Buy,ATZ,31,57.66
2025-01-09 12:58:13,Buy,ATZ,15,57.85
2025-01-09 13:13:49,Buy,ATZ,83,57.18
2025-01-10 09:43:13,Buy,LULU,6,390.2
2025-01-10 12:31:04,Buy,RY,18,118.99
2025-01-10 14:20:52,Buy,TSLA,12,383.94
2025-01-14 09:31:44,Buy,COST,8,916.24
2025-01-14 09:54:56,Buy,ATZ,1,63.47
2025-01-14 10:00:39,Sell,ATZ,98,63.66
2025-01-14 10:10:42,Buy,COST,11,910.69
2025-01-14 14:40:29,Buy,LULU,22,397.93
2025-01-15 15:31:54,Buy,RY,4,119.44
2025-01-16 14:49:28,Sell,PLTR,2,68.66
2025-01-16 15:35:10,Buy,OPEN,762,1.48
2025-01-17 09:46:15,Buy,NVDA,14,136.06
2025-01-17 09:50:19,Sell,TSLA,4,420.99
2025-01-17 13:19:59,Buy,OPEN,1806,1.57
2025-01-17 13:23:42,Sell,TSLA,4,420.19
2025-01-17 14:00:43,Sell,TSLA,11,421.48
2025-01-20 09:35:41,Sell,ATZ,15,67.38
2025-01-20 11:20:11,Sell,ATZ,3,67.16
2025-01-20 14:25:56,Sell,ATZ,16,67.43
2025-01-20 15:22:43,Buy,ATZ,3,67.1
2025-01-20 15:52:06,Sell,ATZ,75,67.4
2025-01-21 09:44:40,Buy,PLTR,72,71.01
2025-01-21 10:25:50,Buy,PLTR,67,73.1
2025-01-21 12:32:25,Buy,OPEN,641,1.46
2025-01-21 12:57:38,Buy,OPEN,610,1.4
2025-01-21 13:29:44,Buy,LULU,3,369.4
2025-01-22 10:13:54,Sell,TSLA,1,415.71
2025-01-22 10:56:45,Buy,PLTR,13,74.26
2025-01-22 11:03:56,Buy,NVDA,17,143.75
2025-01-22 11:32:25,Buy,PLTR,9,74.41
2025-01-24 09:45:58,Buy,ATZ,6,69.68
2025-01-24 10:53:33,Sell,PLTR,28,78.65
2025-01-24 11:56:06,Buy,UNH,1,527.72
2025-01-24 13:54:51,Buy,NVDA,4,143.26
2025-01-24 14:53:57,Buy,AAPL,7,222.44
2025-01-27 09:58:46,Buy,UNH,1,539.98
2025-01-27 14:19:07,Buy,PLTR,16,73.94
2025-01-27 15:19:54,Buy,PLTR,15,73.72
2025-01-27 15:38:45,Buy,OPEN,412,1.36
2025-01-28 09:50:21,Buy,OPEN,969,1.36
2025-01-28 10:01:30,Buy,PLTR,16,74.52
2025-01-28 11:18:55,Buy,UNH,1,541.96
2025-01-28 13:13:16,Buy,PLTR,2,74.52
2025-01-28 15:20:05,Buy,OPEN,411,1.35
2025-01-29 09:35:43,Buy,LULU,1,407.74
2025-01-29 10:51:08,Buy,OPEN,616,1.43
2025-01-29 11:40:21,Buy,RY,6,121.74
2025-01-29 12:53:02,Buy,AAPL,1,234.06
2025-01-30 09:33:12,Sell,COST,23,970.14
2025-01-30 09:39:51,Buy,COST,2,970.2
2025-01-30 11:00:28,Buy,NVDA,14,120.42
2025-01-30 11:18:38,Sell,PLTR,11,79.52
2025-01-30 14:07:14,Sell,PLTR,90,79.61
2025-01-31 10:09:35,Buy,COST,1,976.05
2025-01-31 10:27:47,Buy,AAPL,8,241.76
2025-01-31 11:36:55,Buy,LULU,4,415.87
2025-01-31 13:59:22,Sell,COST,3,976.08
2025-01-31 14:42:01,Buy,PLTR,13,80.95
2025-02-04 11:33:33,Buy,LULU,1,409.15
2025-02-04 11:33:38,Buy,COST,2,999.91
2025-02-04 13:03:44,Buy,ATZ,8,68.41
2025-02-04 15:17:13,Buy,PLTR,75,101.19
2025-02-04 15:43:12,Sell,LULU,11,408.66
2025-02-05 12:41:37,Buy,NVDA,32,121.21
2025-02-05 12:49:19,Buy,COST,1,1020.0
2025-02-05 13:30:39,Sell,AAPL,6,228.45
2025-02-05 13:41:39,Sell,NVDA,1,121.35
2025-02-05 14:38:44,Buy,NVDA,7,121.44
2025-02-06 09:39:02,Buy,ATZ,7,69.05
2025-02-06 09:40:50,Buy,PLTR,9,100.5
2025-02-06 09:54:24,Buy,LULU,3,410.69
2025-02-06 10:14:58,Buy,NVDA,39,126.72
2025-02-06 14:02:35,Buy,PLTR,33,100.62
2025-02-07 09:39:06,Buy,PLTR,21,111.36
2025-02-07 11:59:27,Buy,ATZ,15,69.88
2025-02-07 13:02:33,Buy,RY,48,118.64
2025-02-07 15:04:45,Buy,NVDA,64,129.14
2025-02-07 15:25:57,Sell,PLTR,236,111.26
2025-02-10 09:30:52,Sell,NVDA,88,130.0
2025-02-10 11:39:32,Buy,PLTR,2,111.17
2025-02-10 13:14:17,Buy,NVDA,14,130.07
2025-02-10 13:45:36,Buy,NVDA,29,129.98
2025-02-10 14:11:56,Buy,RY,3,118.61
2025-02-11 11:06:03,Buy,UNH,3,532.42
2025-02-11 13:25:36,Sell,AAPL,3,228.15
2025-02-11 14:15:03,Buy,PLTR,20,112.4
2025-02-11 14:57:52,Sell,UNH,12,533.96
2025-02-11 15:12:32,Buy,TSLA,4,329.16
2025-02-12 09:38:25,Buy,RY,11,117.31
2025-02-12 10:32:49,Buy,NVDA,5,129.84
2025-02-12 10:35:56,Sell,TSLA,3,329.62
2025-02-12 13:55:59,Buy,PLTR,45,110.18
2025-02-13 11:33:58,Sell,PLTR,14,116.41
2025-02-13 11:52:12,Buy,COST,1,1064.67
2025-02-13 14:31:38,Buy,NVDA,21,131.49
2025-02-14 09:59:13,Buy,OPEN,1793,1.48
2025-02-18 12:17:16,Sell,UNH,1,508.23
2025-02-18 12:23:20,Buy,PLTR,12,120.49
2025-02-19 10:43:24,Sell,TSLA,1,353.8
2025-02-19 11:47:34,Sell,OPEN,2477,1.52
2025-02-19 13:10:12,Buy,AAPL,12,243.52
2025-02-21 11:16:48,Buy,LULU,1,360.51
2025-02-24 09:33:08,Buy,AAPL,14,244.92
2025-02-24 12:33:23,Buy,TSLA,8,334.35
2025-02-24 13:01:24,Sell,LULU,14,361.47
2025-02-24 13:42:49,Buy,TSLA,8,328.79
2025-02-24 14:17:39,Buy,LULU,1,363.62
2025-02-26 09:57:21,Sell,OPEN,535,1.46
2025-02-26 10:27:54,Sell,OPEN,416,1.48
2025-02-27 10:43:54,Sell,NVDA,45,133.22
2025-02-27 12:49:29,Buy,UNH,3,466.14
2025-03-03 13:58:50,Buy,ATZ,29,66.37
2025-03-04 09:49:32,Buy,PLTR,29,80.11
2025-03-04 10:39:23,Buy,AAPL,7,235.11
2025-03-04 12:32:10,Buy,OPEN,1415,1.13
2025-03-04 13:10:04,Buy,UNH,5,468.58
2025-03-04 14:08:56,Sell,COST,2,1042.17
2025-03-05 10:14:46,Buy,NVDA,4,115.02
2025-03-05 11:29:40,Buy,TSLA,3,272.07
2025-03-05 12:11:08,Buy,COST,1,1031.29
2025-03-06 13:50:21,Sell,AAPL,11,234.18
2025-03-06 14:52:53,Buy,COST,1,1028.68
2025-03-10 10:03:43,Buy,TSLA,3,238.74
2025-03-10 11:38:16,Buy,UNH,2,484.86
2025-03-10 15:20:05,Buy,COST,2,947.28
2025-03-10 15:33:23,Buy,RY,6,112.99
2025-03-11 12:32:30,Buy,UNH,1,479.73
2025-03-11 14:02:17,Sell,NVDA,27,105.56
2025-03-11 14:42:37,Sell,UNH,5,479.92
2025-03-12 13:47:37,Buy,RY,3,110.85
2025-03-17 11:08:48,Buy,TSLA,2,234.84
2025-03-19 11:12:17,Sell,RY,16,112.36
2025-03-19 12:20:27,Sell,PLTR,24,83.19
2025-03-19 12:29:40,Buy,ATZ,17,51.74
2025-03-20 09:36:27,Buy,TSLA,2,233.31
2025-03-20 10:33:33,Sell,PLTR,21,85.37
2025-03-20 13:37:01,Buy,UNH,2,504.86
2025-03-24 11:50:01,Buy,ATZ,13,52.32
2025-03-25 11:25:25,Buy,TSLA,4,274.2
2025-03-25 11:54:08,Buy,PLTR,14,96.22
2025-03-25 12:47:38,Buy,AAPL,2,220.13
2025-03-25 13:38:46,Sell,AAPL,5,220.69
2025-03-25 15:14:46,Buy,OPEN,1455,1.21
2025-03-26 09:31:50,Buy,OPEN,674,1.19
2025-03-26 12:05:42,Buy,TSLA,3,280.77
2025-03-26 13:26:47,Buy,UNH,1,513.17
2025-03-26 13:44:24,Buy,TSLA,1,280.32
2025-03-26 13:55:29,Buy,TSLA,4,277.72
2025-03-28 11:49:30,Buy,LULU,1,288.28
2025-03-28 12:14:24,Buy,TSLA,1,263.84
2025-03-28 13:18:06,Buy,PLTR,8,88.69
2025-03-31 10:07:45,Buy,COST,1,922.18
2025-03-31 11:18:03,Buy,UNH,1,518.85
2025-03-31 13:09:50,Buy,PLTR,7,79.41
2025-03-31 13:43:44,Sell,UNH,8,518.66
2025-03-31 15:23:33,Buy,COST,1,922.32
2025-04-01 09:52:02,Buy,AAPL,1,219.1
2025-04-01 09:55:41,Buy,LULU,1,281.17
2025-04-01 12:21:43,Buy,TSLA,1,261.9
2025-04-01 14:01:13,Buy,OPEN,277,0.97
2025-04-02 09:43:24,Buy,PLTR,1,82.35
2025-04-02 13:02:30,Buy,ATZ,1,49.04
2025-04-02 14:42:41,Buy,TSLA,1,254.39
2025-04-02 14:53:25,Buy,TSLA,1,253.82
2025-04-02 14:58:24,Buy,TSLA,1,251.7
2025-04-03 09:39:08,Buy,TSLA,2,263.1
2025-04-03 13:55:33,Buy,OPEN,115,0.95
2025-04-03 14:05:43,Buy,COST,1,928.06
2025-04-03 15:47:18,Sell,COST,3,928.55
2025-04-03 15:54:05,Sell,RY,21,113.76
2025-04-04 10:34:56,Buy,AAPL,4,193.89
2025-04-04 10:57:36,Buy,PLTR,12,73.37
2025-04-04 12:25:02,Sell,UNH,2,531.48
2025-04-04 13:16:45,Sell,NVDA,39,98.33
2025-04-04 15:45:20,Sell,LULU,40,235.93
2025-04-07 09:47:15,Buy,NVDA,12,87.41
2025-04-07 09:49:50,Buy,UNH,7,503.8
2025-04-07 10:03:47,Buy,COST,1,874.25
2025-04-07 10:36:13,Buy,LULU,6,250.52
2025-04-07 11:08:33,Buy,RY,15,106.19
2025-04-09 09:56:49,Sell,AAPL,5,171.92
2025-04-09 10:48:04,Sell,UNH,5,558.18
2025-04-09 10:55:30,Buy,PLTR,35,78.02
2025-04-09 11:51:47,Buy,UNH,1,557.47
2025-04-09 14:46:14,Buy,RY,9,106.97
2025-04-10 09:56:39,Buy,AAPL,9,184.66
2025-04-10 11:22:43,Sell,NVDA,3,108.75
2025-04-10 11:23:51,Buy,AAPL,1,185.97
2025-04-10 11:31:30,Buy,ATZ,36,41.53
2025-04-10 13:32:47,Buy,PLTR,12,85.09
2025-04-14 10:19:51,Buy,UNH,1,593.73
2025-04-15 10:14:39,Buy,AAPL,4,201.1
2025-04-15 10:19:39,Buy,NVDA,2,110.71
2025-04-15 12:41:26,Buy,LULU,1,254.16
2025-04-15 13:02:00,Buy,RY,2,115.47
2025-04-15 13:56:19,Buy,AAPL,2,200.07
2025-04-16 09:52:38,Buy,PLTR,1,90.01
2025-04-16 13:59:21,Sell,PLTR,6,94.47
2025-04-16 14:06:45,Sell,PLTR,132,95.65
2025-04-16 15:03:26,Buy,PLTR,1,92.63
2025-04-16 15:47:47,Buy,LULU,1,251.17
2025-04-17 09:33:40,Buy,RY,2,115.51
2025-04-17 12:02:37,Buy,AAPL,6,194.7
2025-04-17 14:05:01,Sell,PLTR,1,94.12
2025-04-17 15:12:19,Sell,TSLA,11,243.04
2025-04-17 15:47:42,Buy,TSLA,3,241.14
2025-04-21 10:27:35,Sell,PLTR,9,90.1
2025-04-21 11:25:28,Buy,ATZ,13,41.35
2025-04-21 11:57:15,Sell,RY,17,114.91
2025-04-21 14:01:36,Sell,TSLA,4,224.18
2025-04-21 14:45:24,Buy,COST,1,984.32
2025-04-22 12:07:34,Buy,ATZ,83,43.53
2025-04-22 13:38:27,Buy,ATZ,34,43.32
2025-04-22 14:40:06,Buy,RY,12,115.7
2025-04-22 15:17:49,Buy,RY,1,115.78
2025-04-22 15:47:03,Buy,COST,1,968.72
2025-04-24 13:16:46,Buy,LULU,2,267.46
2025-04-24 13:23:29,Buy,RY,8,117.58
2025-04-24 13:24:23,Buy,PLTR,7,101.37
2025-04-24 13:25:06,Buy,PLTR,4,101.0
2025-04-24 15:47:02,Buy,TSLA,1,250.4
2025-04-25 10:06:56,Buy,ATZ,7,47.02
2025-04-25 10:44:40,Buy,UNH,1,417.54
2025-04-25 11:30:39,Buy,TSLA,2,260.58
2025-04-25 12:46:03,Buy,PLTR,1,107.33
2025-04-25 13:32:20,Buy,ATZ,12,47.01
2025-04-28 10:42:25,Buy,NVDA,3,108.63
2025-04-28 11:02:29,Buy,TSLA,1,285.51
2025-04-28 11:28:39,Sell,TSLA,10,281.83
2025-04-28 11:30:04,Sell,COST,8,969.01
2025-04-30 13:15:41,Buy,COST,1,982.21
2025-05-02 09:47:28,Buy,PLTR,6,118.64
2025-05-02 09:58:24,Buy,ATZ,64,54.86
2025-05-05 11:30:46,Buy,ATZ,41,55.92
2025-05-05 12:26:04,Sell,LULU,9,276.24
2025-05-05 12:42:20,Buy,AAPL,3,202.81
2025-05-05 13:48:20,Sell,ATZ,229,55.54
2025-05-05 14:53:47,Buy,PLTR,4,123.39
2025-05-06 10:16:40,Buy,COST,4,1005.19
2025-05-06 11:42:40,Sell,COST,7,1005.72
2025-05-06 12:29:42,Buy,NVDA,31,111.36
2025-05-06 14:42:52,Buy,OPEN,5974,0.71
2025-05-06 14:59:53,Buy,COST,1,1005.06
2025-05-07 10:52:52,Buy,ATZ,7,56.35
2025-05-07 12:00:33,Buy,AAPL,2,196.23
2025-05-07 13:57:06,Buy,TSLA,4,274.09
2025-05-07 14:42:03,Sell,COST,2,1008.32
2025-05-07 15:02:18,Buy,PLTR,6,107.03
2025-05-08 09:44:24,Buy,OPEN,1823,0.88
2025-05-08 11:30:38,Sell,TSLA,3,279.46
2025-05-08 12:02:27,Buy,AAPL,1,196.3
2025-05-08 13:34:12,Buy,UNH,1,389.83
2025-05-09 10:55:29,Buy,OPEN,1348,0.69
2025-05-09 11:08:33,Sell,COST,1,1000.59
2025-05-09 12:17:45,Sell,TSLA,2,290.17
2025-05-09 13:40:58,Buy,ATZ,18,58.98
2025-05-09 14:40:17,Buy,ATZ,60,58.34
2025-05-12 09:39:43,Buy,NVDA,12,120.72
2025-05-12 11:17:42,Buy,OPEN,287,0.7
2025-05-12 13:56:13,Buy,ATZ,11,60.68
2025-05-12 14:12:27,Buy,AAPL,1,210.11
2025-05-12 15:02:00,Buy,OPEN,1749,0.69
2025-05-14 09:46:38,Buy,AAPL,2,211.91
2025-05-14 09:51:00,Buy,NVDA,4,132.53
2025-05-14 10:25:31,Sell,ATZ,46,66.31
2025-05-14 11:15:18,Buy,LULU,1,310.45
2025-05-14 11:21:38,Buy,LULU,2,310.59
2025-05-15 10:24:10,Buy,TSLA,4,339.66
2025-05-15 11:03:09,Buy,LULU,2,313.75
2025-05-15 12:34:30,Buy,OPEN,775,0.7
2025-05-15 13:48:32,Buy,NVDA,1,133.08
2025-05-15 15:16:31,Buy,LULU,1,312.62
2025-05-16 11:06:31,Sell,TSLA,26,343.37
2025-05-16 13:49:12,Buy,RY,4,124.91
2025-05-16 14:36:12,Buy,OPEN,1157,0.72
2025-05-16 15:05:14,Buy,NVDA,8,134.8
2025-05-16 15:53:25,Buy,NVDA,18,135.3
2025-05-19 11:58:09,Buy,NVDA,8,132.39
2025-05-19 12:59:34,Buy,TSLA,1,333.52
2025-05-19 13:34:55,Buy,LULU,1,316.24
2025-05-19 15:07:47,Buy,OPEN,547,0.74
2025-05-19 15:41:08,Buy,TSLA,3,334.35
2025-05-20 09:32:05,Buy,OPEN,138,0.74
2025-05-20 09:54:43,Buy,OPEN,1065,0.78
2025-05-20 10:52:51,Buy,COST,1,1030.01
2025-05-20 13:06:03,Buy,PLTR,3,126.62
2025-05-20 13:47:57,Buy,RY,1,126.98
2025-05-21 09:44:59,Buy,RY,2,125.72
2025-05-21 10:19:56,Buy,PLTR,3,119.45
2025-05-21 10:45:07,Buy,RY,1,125.95
2025-05-22 09:45:15,Buy,RY,2,125.27
2025-05-22 13:20:12,Buy,RY,1,125.52
2025-05-22 14:03:24,Sell,UNH,2,293.62
2025-05-22 14:38:27,Buy,OPEN,137,0.69
2025-05-22 15:00:04,Buy,UNH,2,293.17
2025-05-23 09:57:44,Buy,OPEN,2040,0.67
2025-05-23 11:20:09,Buy,COST,1,1011.85
2025-05-23 11:43:57,Buy,NVDA,4,129.83
2025-05-23 12:04:08,Sell,RY,55,126.39
2025-05-23 13:38:36,Buy,TSLA,1,334.32
2025-05-26 09:32:42,Buy,ATZ,34,64.37
2025-05-26 12:19:54,Buy,ATZ,20,64.44
2025-05-26 13:16:56,Sell,ATZ,79,64.49
2025-05-26 14:04:47,Buy,ATZ,11,64.44
2025-05-26 15:20:02,Buy,ATZ,12,64.41
2025-05-27 09:58:24,Buy,OPEN,550,0.7
2025-05-27 10:15:57,Buy,OPEN,140,0.7
2025-05-27 12:07:35,Buy,UNH,2,298.48
2025-05-27 12:34:03,Buy,ATZ,1,66.23
2025-05-27 15:42:30,Buy,TSLA,1,347.33
2025-05-29 14:18:18,Buy,COST,1,1004.9
2025-05-30 11:47:21,Buy,PLTR,2,123.01
2025-05-30 13:05:35,Buy,AAPL,1,198.06
2025-05-30 14:35:43,Buy,OPEN,142,0.65
2025-05-30 15:56:39,Buy,RY,4,124.4
2025-06-02 11:33:25,Buy,AAPL,1,200.14
2025-06-02 13:39:55,Buy,OPEN,402,0.6
2025-06-02 15:53:55,Buy,LULU,1,314.76
2025-06-03 09:31:56,Buy,LULU,1,327.66
2025-06-03 12:02:50,Buy,LULU,2,325.02
2025-06-03 13:01:05,Sell,NVDA,11,138.21
2025-06-03 14:23:46,Sell,COST,1,1048.06
2025-06-03 15:44:39,Sell,RY,31,127.71
2025-06-04 09:55:56,Buy,RY,5,127.72
2025-06-04 14:24:38,Sell,OPEN,174,0.59
2025-06-04 14:30:38,Buy,PLTR,5,130.11
2025-06-05 09:37:34,Buy,RY,2,127.92
2025-06-05 09:55:21,Sell,ATZ,2,68.69
2025-06-05 10:19:17,Sell,RY,24,127.25
2025-06-05 13:50:00,Buy,RY,2,127.18
2025-06-05 14:46:43,Buy,UNH,1,298.44
2025-06-06 09:51:53,Buy,PLTR,4,123.09
2025-06-06 11:07:35,Sell,AAPL,25,202.25
2025-06-06 12:26:36,Buy,ATZ,3,68.25
2025-06-06 13:20:54,Buy,LULU,1,268.34
2025-06-09 09:33:25,Buy,LULU,1,260.9
2025-06-09 10:16:53,Sell,PLTR,27,125.74
2025-06-09 11:02:55,Sell,ATZ,77,68.22
2025-06-09 11:59:24,Sell,PLTR,2,125.84
2025-06-09 14:18:41,Buy,AAPL,4,200.21
2025-06-10 09:45:56,Buy,OPEN,513,0.59
2025-06-10 12:45:32,Sell,AAPL,14,200.58
2025-06-10 13:37:38,Buy,LULU,7,259.28
2025-06-10 14:28:42,Sell,ATZ,53,68.25
2025-06-11 09:46:57,Buy,UNH,5,302.27
2025-06-11 10:49:17,Buy,COST,1,999.87
2025-06-11 12:33:49,Sell,TSLA,10,324.06
2025-06-11 13:13:14,Sell,NVDA,60,144.05
2025-06-11 14:07:19,Buy,UNH,6,302.64
2025-06-12 09:37:53,Buy,UNH,7,308.65
2025-06-12 15:47:14,Sell,PLTR,10,136.19
2025-06-16 10:17:39,Buy,LULU,5,239.9
2025-06-16 10:42:47,Buy,PLTR,20,139.86
2025-06-16 11:09:10,Sell,TSLA,1,329.4
2025-06-17 10:08:15,Buy,AAPL,20,196.02
2025-06-17 10:11:48,Buy,NVDA,4,144.32
2025-06-17 10:16:51,Buy,COST,4,980.92
2025-06-17 12:22:07,Buy,ATZ,58,66.6
2025-06-17 14:19:22,Buy,ATZ,4,66.68
2025-06-18 09:40:43,Buy,PLTR,9,138.32
2025-06-18 10:51:54,Sell,PLTR,19,138.7
2025-06-19 10:44:59,Buy,ATZ,26,66.03
2025-06-19 11:20:48,Buy,ATZ,7,66.01
2025-06-19 14:00:12,Buy,ATZ,10,65.64
2025-06-23 09:39:47,Buy,TSLA,1,327.52
2025-06-23 10:18:29,Buy,PLTR,18,137.6
2025-06-23 14:04:54,Sell,AAPL,5,201.38
2025-06-24 09:36:08,Sell,AAPL,5,201.55
2025-06-24 10:18:58,Buy,PLTR,2,140.04
2025-06-24 11:06:27,Sell,RY,3,127.96
2025-06-25 12:21:17,Sell,PLTR,2,144.19
2025-06-25 13:30:06,Sell,PLTR,24,144.3
2025-06-25 15:36:44,Buy,UNH,1,301.06
2025-06-27 10:57:56,Buy,LULU,6,231.55
2025-07-02 10:12:49,Sell,NVDA,82,152.98
2025-07-02 10:34:56,Sell,PLTR,6,130.5
2025-07-02 11:10:17,Sell,ATZ,183,69.19
2025-07-02 12:05:16,Buy,TSLA,1,310.98
2025-07-02 12:16:09,Buy,PLTR,18,130.83
2025-07-03 11:39:20,Sell,NVDA,1,158.22
2025-07-03 12:43:13,Sell,TSLA,1,316.48
2025-07-03 14:01:17,Sell,AAPL,1,212.06
2025-07-03 15:23:48,Sell,NVDA,11,158.01
2025-07-03 15:36:43,Buy,ATZ,7,73.3
2025-07-04 10:13:01,Buy,ATZ,31,73.27
2025-07-04 10:20:04,Buy,ATZ,2,73.26
2025-07-04 14:05:36,Sell,ATZ,36,73.25
2025-07-04 14:37:38,Buy,ATZ,27,73.28
2025-07-04 15:44:32,Buy,ATZ,51,73.27
2025-07-07 09:42:22,Buy,PLTR,20,134.36
2025-07-07 10:24:51,Buy,ATZ,10,74.12
2025-07-07 11:22:31,Buy,OPEN,1810,0.58
2025-07-07 11:31:49,Buy,NVDA,17,157.41
2025-07-07 13:13:45,Buy,PLTR,26,133.03
2025-07-08 13:36:48,Buy,NVDA,5,159.02
2025-07-08 14:05:35,Buy,COST,1,984.82
2025-07-08 14:31:12,Buy,ATZ,17,73.85
2025-07-08 14:57:06,Buy,AAPL,4,209.04
2025-07-08 15:22:55,Buy,OPEN,1127,0.64
2025-07-09 09:49:14,Buy,ATZ,8,74.6
2025-07-09 11:24:40,Buy,TSLA,1,295.86
2025-07-09 13:17:55,Buy,NVDA,6,161.18
2025-07-09 13:26:10,Sell,PLTR,46,139.45
2025-07-09 15:57:43,Buy,OPEN,3584,0.71
2025-07-11 10:04:37,Buy,OPEN,2704,0.74
2025-07-11 15:07:28,Sell,PLTR,18,141.6
2025-07-11 15:37:58,Sell,AAPL,10,209.97
2025-07-14 09:31:37,Buy,TSLA,4,315.77
2025-07-14 11:35:16,Buy,TSLA,4,316.49
2025-07-14 14:27:09,Buy,OPEN,4069,0.77
2025-07-16 09:56:18,Buy,OPEN,2342,1.19
2025-07-16 13:44:55,Sell,LULU,16,222.92
2025-07-16 15:07:27,Buy,PLTR,27,148.97
2025-07-18 12:30:58,Sell,TSLA,1,321.59
2025-07-18 12:41:47,Sell,OPEN,23094,1.8
2025-07-21 11:45:38,Buy,COST,2,948.49
2025-07-23 10:56:23,Buy,LULU,4,223.96
2025-07-23 11:09:47,Buy,TSLA,15,328.76
2025-07-23 11:47:17,Sell,OPEN,82,2.5
2025-07-24 13:41:10,Buy,PLTR,16,153.09
2025-07-24 15:25:59,Sell,NVDA,3,171.45
2025-07-25 09:45:41,Sell,LULU,5,216.73
2025-07-29 12:09:06,Buy,AAPL,8,213.94
2025-07-29 14:27:57,Buy,ATZ,51,74.32
2025-07-30 10:03:07,Buy,PLTR,48,156.89
2025-07-30 13:10:21,Buy,NVDA,89,176.29
2025-07-30 13:23:10,Sell,ATZ,57,73.22
2025-07-30 13:27:26,Buy,PLTR,11,156.83
2025-07-30 15:40:37,Sell,OPEN,8444,2.02
2025-08-01 09:50:53,Buy,AAPL,43,201.76
2025-08-01 11:26:56,Sell,NVDA,104,172.12
2025-08-01 12:10:18,Buy,ATZ,48,72.45
2025-08-01 13:17:35,Buy,UNH,3,235.57
2025-08-01 14:08:10,Buy,RY,32,127.91
2025-08-04 09:39:52,Buy,UNH,17,237.71
2025-08-04 09:47:37,Sell,PLTR,54,158.32
2025-08-04 14:24:58,Buy,NVDA,25,174.98
2025-08-05 09:36:34,Buy,UNH,7,240.79
2025-08-05 09:50:25,Buy,UNH,4,240.77
2025-08-05 10:41:13,Buy,AAPL,1,203.33
2025-08-05 11:02:30,Buy,PLTR,19,171.23
2025-08-05 12:57:38,Buy,NVDA,8,176.4
2025-08-06 13:10:58,Buy,AAPL,4,205.62
2025-08-06 14:55:49,Buy,ATZ,34,73.68
2025-08-06 15:41:37,Buy,COST,2,943.61
2025-08-07 09:34:37,Sell,RY,36,132.36
2025-08-07 09:51:50,Buy,COST,2,971.87
2025-08-07 13:03:20,Buy,AAPL,3,217.48
2025-08-07 15:04:59,Buy,ATZ,19,73.29
2025-08-07 15:09:21,Buy,PLTR,16,180.91
2025-08-08 10:25:19,Buy,PLTR,9,184.53
2025-08-08 10:29:38,Sell,LULU,11,190.02
2025-08-08 11:06:39,Buy,AAPL,13,220.63
2025-08-08 13:15:20,Buy,AAPL,2,219.73
2025-08-08 14:12:53,Buy,ATZ,15,72.11
2025-08-11 09:38:26,Sell,UNH,29,252.98
2025-08-11 09:39:39,Buy,PLTR,1,184.7
2025-08-11 12:17:51,Buy,UNH,2,252.41
2025-08-11 12:55:33,Sell,ATZ,122,71.6
2025-08-11 13:59:15,Buy,ATZ,14,71.94
2025-08-12 09:55:27,Sell,LULU,8,187.19
2025-08-12 09:58:06,Sell,OPEN,6144,2.36
2025-08-12 11:27:59,Buy,AAPL,26,227.29
2025-08-12 13:56:08,Sell,AAPL,86,228.0
2025-08-12 15:18:47,Buy,PLTR,14,182.52
2025-08-14 09:50:50,Sell,UNH,10,268.26
2025-08-14 10:00:33,Buy,PLTR,4,182.14
2025-08-14 11:39:37,Buy,LULU,2,195.62
2025-08-14 14:40:19,Buy,OPEN,2189,2.26
2025-08-14 15:34:54,Buy,OPEN,362,2.29
2025-08-15 10:06:36,Buy,UNH,45,297.01
2025-08-15 10:47:07,Buy,TSLA,19,335.37
2025-08-15 12:54:56,Buy,NVDA,46,179.28
2025-08-15 15:25:21,Buy,LULU,38,196.76
2025-08-15 15:54:20,Sell,OPEN,1161,3.13
2025-08-18 10:10:08,Sell,NVDA,22,180.6
2025-08-18 10:49:29,Buy,UNH,8,309.82
2025-08-18 13:43:38,Sell,PLTR,35,174.75
2025-08-18 14:30:45,Buy,PLTR,11,172.04
2025-08-18 15:42:32,Buy,LULU,34,200.33
2025-08-19 09:47:37,Buy,OPEN,285,3.59
2025-08-19 12:33:21,Buy,LULU,6,202.41
2025-08-19 14:02:32,Buy,OPEN,533,3.85
2025-08-19 14:06:41,Sell,LULU,32,197.54
2025-08-19 15:23:41,Buy,OPEN,234,3.85
2025-08-21 12:04:34,Buy,LULU,1,196.86
2025-08-21 12:31:33,Buy,LULU,3,196.86
2025-08-21 15:39:24,Buy,NVDA,11,174.54
2025-08-22 09:53:51,Sell,OPEN,5367,3.52
2025-08-22 12:08:46,Buy,LULU,4,198.5
2025-08-22 12:34:22,Buy,OPEN,1898,3.56
2025-08-22 12:49:24,Sell,COST,8,962.64
2025-08-22 14:56:14,Buy,OPEN,1277,3.51
2025-08-25 09:36:17,Sell,AAPL,39,226.29
2025-08-25 12:03:00,Buy,OPEN,432,4.64
2025-08-25 13:59:20,Sell,UNH,37,303.64
2025-08-25 14:53:20,Buy,UNH,6,306.92
2025-08-25 14:53:57,Buy,OPEN,30,4.88
2025-08-26 13:25:51,Buy,ATZ,87,78.66
2025-08-26 13:31:13,Sell,COST,1,941.2
2025-08-26 14:13:08,Buy,COST,2,933.74
2025-08-26 15:17:06,Buy,PLTR,5,155.02
2025-08-26 15:25:22,Buy,TSLA,33,344.49
2025-08-27 12:33:17,Sell,TSLA,11,350.31
2025-08-27 14:19:17,Sell,AAPL,1,228.26
2025-08-27 14:19:17,Sell,RY,1,141.48
2025-08-27 15:11:30,Buy,OPEN,37,4.1
2025-08-28 09:58:22,Buy,RY,29,144.9
2025-08-28 10:41:35,Buy,PLTR,13,152.59
2025-08-28 11:07:22,Buy,TSLA,2,344.41
2025-08-28 15:07:23,Buy,RY,5,145.01
2025-08-29 10:33:27,Sell,ATZ,63,81.33
2025-08-29 12:24:47,Buy,ATZ,13,81.33
2025-08-29 12:46:19,Sell,AAPL,1,232.22
2025-08-29 13:44:32,Buy,AAPL,3,231.9
2025-08-29 15:49:37,Buy,ATZ,36,81.33
2025-09-02 10:57:01,Buy,ATZ,11,80.62
2025-09-02 13:06:00,Buy,ATZ,8,80.58
2025-09-02 14:44:35,Buy,PLTR,12,150.82
2025-09-02 14:58:45,Buy,OPEN,430,4.16
2025-09-02 15:06:45,Buy,LULU,16,199.2
2025-09-03 10:54:32,Buy,PLTR,2,155.84
2025-09-03 13:17:30,Buy,ATZ,12,83.6
2025-09-03 14:18:57,Buy,RY,2,144.99
2025-09-03 15:13:30,Buy,AAPL,11,236.33
2025-09-03 15:16:09,Buy,OPEN,304,5.08
2025-09-04 11:15:28,Buy,RY,1,145.51
2025-09-04 13:08:52,Buy,ATZ,38,83.75
2025-09-04 15:02:41,Sell,AAPL,2,237.46
2025-09-04 15:29:23,Buy,PLTR,12,154.81
2025-09-04 15:38:42,Buy,ATZ,18,83.79
2025-09-05 09:57:45,Buy,PLTR,12,153.89
2025-09-05 11:43:28,Buy,OPEN,808,6.25
2025-09-05 12:40:33,Sell,UNH,39,310.23
2025-09-05 14:24:12,Sell,UNH,4,308.21
2025-09-05 15:34:29,Buy,AAPL,18,239.35
2025-09-08 09:46:53,Sell,PLTR,38,154.87
2025-09-08 09:57:43,Sell,TSLA,54,352.63
2025-09-08 12:46:22,Buy,LULU,10,167.08
2025-09-08 12:53:15,Sell,OPEN,6097,6.54
2025-09-08 15:06:33,Buy,RY,6,144.5
2025-09-09 11:20:07,Buy,UNH,12,330.88
2025-09-09 12:23:38,Buy,NVDA,22,168.94
2025-09-09 14:46:51,Sell,ATZ,20,83.09
2025-09-09 14:49:51,Sell,OPEN,413,5.95
2025-09-09 15:04:26,Buy,ATZ,38,82.54
2025-09-10 09:58:38,Sell,PLTR,39,164.78
2025-09-10 14:24:08,Buy,UNH,28,344.25
2025-09-10 15:36:00,Sell,AAPL,1,229.73
2025-09-11 12:47:18,Buy,OPEN,261,7.44
2025-09-11 13:26:06,Sell,LULU,25,163.5
2025-09-11 14:09:55,Buy,LULU,5,163.84
2025-09-12 10:15:51,Buy,OPEN,611,9.36
2025-09-12 11:31:29,Sell,OPEN,196,8.98
2025-09-12 15:49:07,Buy,TSLA,9,370.39
2025-09-15 09:53:34,Sell,PLTR,8,168.6
2025-09-15 13:17:27,Sell,RY,1,144.05
2025-09-17 09:35:25,Buy,UNH,10,337.69
2025-09-17 09:59:56,Buy,LULU,13,162.32
2025-09-17 13:07:20,Buy,TSLA,10,411.66
2025-09-18 10:07:35,Buy,NVDA,26,173.63
2025-09-19 11:46:38,Buy,ATZ,26,88.15
2025-09-19 12:30:14,Sell,UNH,3,334.09
2025-09-23 10:52:36,Sell,PLTR,11,178.24
2025-09-23 15:49:23,Buy,AAPL,48,255.68
2025-09-25 09:57:35,Sell,AAPL,59,252.15
2025-09-25 10:34:01,Buy,RY,13,146.16
2025-09-25 11:26:16,Buy,UNH,1,347.43
2025-09-25 12:56:38,Sell,TSLA,16,425.7
2025-09-25 13:37:29,Sell,UNH,24,345.06
2025-09-26 10:34:05,Buy,AAPL,24,253.93
2025-09-26 11:09:50,Sell,TSLA,12,426.2
2025-09-26 11:59:24,Sell,TSLA,1,427.14
2025-09-26 13:39:00,Sell,TSLA,1,427.23
2025-09-26 14:23:19,Buy,ATZ,39,86.04
2025-09-29 10:19:56,Buy,PLTR,11,177.86
2025-09-29 10:39:41,Buy,OPEN,96,8.15
2025-09-29 11:51:11,Sell,UNH,24,341.53
2025-09-29 13:24:43,Sell,UNH,1,341.91
2025-09-29 13:49:14,Buy,COST,3,907.88
2025-09-30 11:17:40,Sell,OPEN,866,7.88
2025-09-30 13:28:51,Buy,LULU,4,177.79
2025-09-30 13:57:09,Buy,COST,4,915.58
2025-09-30 14:51:40,Buy,TSLA,24,436.77
2025-09-30 15:10:09,Sell,COST,2,915.26
2025-10-01 12:05:49,Buy,PLTR,40,180.84
2025-10-01 12:10:45,Buy,NVDA,1,185.18
2025-10-01 12:12:46,Sell,COST,4,913.37
2025-10-01 13:24:41,Buy,COST,6,912.58
2025-10-01 13:56:52,Buy,PLTR,27,181.15
2025-10-02 09:35:29,Buy,TSLA,1,468.9
2025-10-02 09:46:09,Buy,TSLA,13,458.47
2025-10-02 12:05:26,Buy,COST,6,912.13
2025-10-02 12:38:11,Buy,PLTR,10,184.79
2025-10-02 13:19:37,Buy,OPEN,1039,7.91
2025-10-03 09:43:06,Buy,LULU,21,177.45
2025-10-03 11:02:20,Buy,NVDA,7,186.64
2025-10-03 11:08:33,Buy,UNH,6,356.9
2025-10-03 11:24:40,Buy,LULU,3,177.96
2025-10-03 13:41:59,Buy,AAPL,3,254.14
2025-10-06 09:50:48,Buy,AAPL,5,257.03
2025-10-06 10:59:23,Sell,AAPL,18,256.2
2025-10-06 11:26:03,Sell,UNH,6,358.66
2025-10-06 13:00:02,Buy,NVDA,3,183.72
2025-10-06 13:03:45,Buy,TSLA,7,438.94
2025-10-07 09:30:31,Buy,TSLA,1,441.63
2025-10-07 09:50:58,Buy,LULU,2,173.55
2025-10-07 12:40:48,Buy,UNH,2,358.4
2025-10-07 13:00:04,Sell,NVDA,11,186.12
2025-10-07 15:39:57,Buy,ATZ,17,82.33
2025-10-08 11:46:36,Buy,OPEN,81,9.22
2025-10-08 12:10:33,Buy,AAPL,1,256.28
2025-10-08 14:40:58,Buy,PLTR,2,181.52
2025-10-08 15:36:24,Buy,OPEN,321,8.46
2025-10-08 15:53:02,Buy,ATZ,6,81.32
2025-10-09 12:30:44,Buy,UNH,10,369.35
2025-10-09 13:04:03,Sell,NVDA,113,191.12
2025-10-09 14:30:50,Buy,LULU,5,173.79
2025-10-10 10:15:45,Buy,PLTR,9,176.7
2025-10-10 10:22:03,Buy,OPEN,158,7.46
2025-10-10 10:27:05,Buy,ATZ,19,84.66
2025-10-10 14:22:01,Buy,UNH,1,368.52
2025-10-10 14:36:35,Sell,COST,9,939.55
2025-10-13 09:53:42,Buy,NVDA,28,187.37
2025-10-13 10:07:26,Buy,NVDA,5,187.55
2025-10-13 13:29:29,Buy,NVDA,5,187.69
2025-10-13 13:52:35,Buy,NVDA,26,187.68
2025-10-13 13:54:59,Buy,NVDA,10,186.54
2025-10-14 10:04:31,Buy,NVDA,1,179.73
2025-10-14 11:33:04,Buy,AAPL,3,244.86
2025-10-14 12:54:03,Buy,RY,5,143.19
2025-10-14 13:20:08,Buy,ATZ,11,85.56
2025-10-14 13:23:25,Buy,UNH,1,354.75
2025-10-15 13:04:37,Sell,UNH,3,358.41
2025-10-15 13:39:59,Buy,ATZ,4,87.28
2025-10-16 12:19:36,Buy,UNH,4,357.9
2025-10-16 12:23:01,Buy,RY,4,146.61
2025-10-16 12:49:02,Buy,TSLA,1,421.85
2025-10-16 14:34:03,Buy,TSLA,3,432.62
2025-10-16 15:30:30,Buy,RY,1,146.39
2025-10-17 10:08:53,Sell,UNH,1,350.98
2025-10-17 10:32:33,Buy,COST,1,928.86
2025-10-17 11:42:08,Sell,AAPL,11,247.49
2025-10-17 12:21:18,Buy,RY,5,144.37
2025-10-17 15:13:08,Sell,UNH,9,350.96
2025-10-20 09:54:20,Buy,AAPL,1,255.79
2025-10-20 10:29:12,Buy,ATZ,22,90.57
2025-10-20 10:58:55,Buy,OPEN,51,7.17
2025-10-20 13:16:27,Sell,OPEN,1222,7.17
2025-10-20 14:11:13,Buy,COST,1,933.42
2025-10-21 09:55:08,Buy,LULU,14,173.0
2025-10-21 10:44:58,Sell,NVDA,24,182.61
2025-10-21 11:42:40,Sell,ATZ,218,91.22
2025-10-21 12:32:02,Sell,ATZ,220,91.32
2025-10-21 12:53:12,Buy,LULU,9,172.95
2025-10-24 11:33:51,Buy,ATZ,5,94.3
2025-10-24 12:43:22,Buy,PLTR,1,182.87
2025-10-24 12:44:37,Buy,AAPL,6,259.21
2025-10-24 13:04:59,Buy,LULU,61,178.18
2025-10-24 14:16:01,Buy,LULU,53,177.43
2025-10-27 09:45:28,Buy,RY,28,146.31
2025-10-27 11:47:42,Buy,ATZ,56,95.06
2025-10-27 13:12:34,Buy,COST,1,925.43
2025-10-27 13:47:59,Buy,ATZ,84,95.2
2025-10-27 15:56:03,Buy,ATZ,1,95.19
2025-10-28 10:51:12,Buy,TSLA,9,451.91
2025-10-28 13:14:02,Buy,ATZ,35,96.18
2025-10-28 15:16:06,Buy,PLTR,2,187.65
2025-10-28 15:51:53,Buy,TSLA,4,453.62
2025-10-29 14:00:44,Buy,PLTR,5,190.67
2025-10-29 15:55:27,Sell,TSLA,41,456.45
2025-10-30 09:32:28,Buy,TSLA,5,447.21
2025-10-30 10:49:15,Sell,AAPL,2,271.88
2025-10-31 13:19:33,Sell,UNH,1,340.14
2025-10-31 13:55:57,Buy,PLTR,33,198.37
2025-11-03 09:30:52,Buy,NVDA,2,206.12
2025-11-03 09:52:04,Buy,OPEN,138,7.49
2025-11-03 12:04:54,Buy,UNH,10,336.84
2025-11-03 14:53:41,Buy,ATZ,44,98.09
2025-11-04 09:43:37,Sell,TSLA,22,448.97
2025-11-04 10:10:20,Buy,COST,2,933.17
2025-11-04 13:43:31,Buy,COST,2,931.71
2025-11-04 13:54:09,Sell,OPEN,273,7.24
2025-11-05 09:41:28,Buy,ATZ,1,95.5
2025-11-05 09:51:01,Buy,COST,1,936.08
2025-11-05 12:57:48,Sell,TSLA,2,441.4
2025-11-05 14:11:30,Buy,TSLA,9,443.41
2025-11-05 14:23:00,Buy,ATZ,7,95.68
2025-11-06 10:35:05,Buy,COST,1,920.36
2025-11-06 12:12:48,Buy,COST,2,908.69
2025-11-06 13:25:30,Sell,TSLA,2,435.52
2025-11-06 14:35:11,Buy,COST,2,919.43
2025-11-06 15:22:00,Buy,TSLA,1,449.47
2025-11-07 11:02:47,Buy,UNH,1,314.67
2025-11-07 11:11:54,Buy,COST,2,929.16
2025-11-07 13:53:03,Sell,UNH,1,315.23
2025-11-07 14:26:44,Buy,AAPL,1,268.54
2025-11-07 14:53:36,Buy,AAPL,9,267.29
2025-11-10 09:56:35,Buy,LULU,1,165.4
2025-11-10 10:35:25,Buy,OPEN,205,6.82
2025-11-10 12:38:00,Buy,OPEN,38,6.8
2025-11-10 15:07:47,Buy,AAPL,1,268.1
2025-11-10 15:28:43,Buy,OPEN,115,6.79
2025-11-11 10:51:02,Buy,TSLA,2,436.88
2025-11-11 11:03:34,Sell,OPEN,646,7.9
2025-11-11 13:23:48,Buy,COST,1,916.24
2025-11-11 15:00:10,Sell,OPEN,346,7.79
2025-11-11 15:34:41,Sell,AAPL,5,269.81
2025-11-12 09:36:09,Buy,UNH,1,327.88
2025-11-12 09:44:36,Buy,OPEN,270,8.38
2025-11-12 09:49:03,Buy,LULU,5,171.11
2025-11-12 10:59:15,Buy,PLTR,5,182.55
2025-11-12 13:29:38,Buy,ATZ,2,97.69
2025-11-13 09:32:56,Sell,ATZ,78,96.85
2025-11-13 13:17:24,Sell,AAPL,23,273.83
2025-11-14 13:11:15,Sell,PLTR,41,164.99
2025-11-14 13:15:57,Buy,TSLA,8,385.29
2025-11-19 09:51:03,Buy,TSLA,6,399.42
2025-11-19 11:39:29,Buy,ATZ,19,99.97
2025-11-19 13:26:32,Buy,UNH,6,313.21
2025-11-19 13:53:27,Buy,NVDA,9,184.43
2025-11-19 14:58:56,Buy,ATZ,3,99.97
2025-11-20 10:09:24,Buy,COST,4,892.64
2025-11-20 10:24:44,Sell,RY,96,146.77
2025-11-20 10:54:26,Buy,TSLA,10,408.77
2025-11-20 11:32:40,Buy,TSLA,13,395.65
2025-11-20 12:45:02,Buy,RY,6,146.77
2025-11-21 09:47:21,Buy,AAPL,2,265.79
2025-11-21 10:56:47,Sell,AAPL,10,265.71
2025-11-21 11:33:10,Buy,ATZ,3,102.0
2025-11-21 13:53:31,Buy,TSLA,4,392.45
2025-11-24 09:35:59,Buy,LULU,7,167.34
2025-11-24 11:23:03,Buy,UNH,2,319.69
2025-11-24 11:26:45,Sell,COST,6,884.28
2025-11-24 13:24:03,Sell,AAPL,5,270.9
2025-11-24 15:13:17,Buy,OPEN,279,6.75
2025-11-25 09:46:21,Sell,RY,3,150.23
2025-11-25 11:30:31,Buy,AAPL,1,275.25
2025-11-25 12:30:01,Buy,TSLA,2,406.85
2025-11-25 14:34:43,Sell,TSLA,29,411.87
2025-11-25 14:56:22,Buy,LULU,6,171.53
2025-11-27 09:31:29,Buy,ATZ,8,110.94
2025-11-27 10:44:09,Sell,ATZ,70,110.94
2025-11-27 13:53:23,Sell,ATZ,46,110.97
2025-11-27 14:09:21,Sell,ATZ,77,110.93
2025-11-28 09:33:39,Sell,NVDA,11,178.27
2025-11-28 10:22:04,Buy,PLTR,13,166.55
2025-11-28 13:44:59,Buy,PLTR,1,166.27
2025-11-28 15:46:20,Buy,TSLA,2,426.22
2025-12-01 09:56:40,Sell,AAPL,1,277.06
2025-12-01 12:57:20,Buy,TSLA,13,425.31
2025-12-01 13:01:43,Buy,NVDA,9,174.45
2025-12-03 11:07:31,Buy,ATZ,35,111.36
2025-12-03 13:48:30,Buy,UNH,31,325.64
2025-12-03 14:22:23,Sell,PLTR,19,169.35
2025-12-05 11:18:16,Buy,ATZ,1,111.15
2025-12-05 11:59:36,Sell,COST,3,893.45
2025-12-05 13:05:41,Buy,PLTR,32,178.03
2025-12-08 13:50:58,Buy,OPEN,235,7.05
2025-12-09 09:40:34,Buy,RY,39,163.37
2025-12-09 12:03:00,Sell,NVDA,47,185.47
2025-12-09 13:51:25,Buy,AAPL,7,277.29
2025-12-15 10:17:03,Sell,RY,16,165.65
2025-12-15 11:24:29,Buy,OPEN,141,6.59
2025-12-15 13:20:53,Buy,LULU,16,200.08
2025-12-16 13:40:36,Buy,LULU,14,207.41
2025-12-17 10:12:52,Buy,NVDA,11,172.1
2025-12-19 10:08:43,Sell,COST,5,855.25
2025-12-19 11:14:26,Buy,PLTR,8,186.74
2025-12-19 12:10:30,Sell,AAPL,3,271.39
2025-12-19 12:39:30,Buy,NVDA,5,176.38
2025-12-19 14:09:09,Buy,RY,4,167.85
2025-12-22 10:25:45,Sell,NVDA,10,183.2
2025-12-22 11:15:06,Buy,PLTR,4,192.56
2025-12-22 12:48:55,Buy,ATZ,7,117.56
2025-12-22 14:23:37,Sell,LULU,149,209.09
2025-12-22 15:51:51,Sell,OPEN,224,6.53
2025-12-23 13:17:34,Buy,NVDA,51,182.97
2025-12-23 14:40:24,Sell,ATZ,35,118.41
2025-12-24 10:38:20,Buy,OPEN,870,6.12
2025-12-24 11:29:01,Sell,LULU,62,212.13
2025-12-24 11:30:31,Buy,NVDA,29,187.78
2025-12-24 12:17:09,Buy,NVDA,15,187.4
2025-12-24 13:17:01,Buy,COST,2,858.41
2025-12-26 12:48:23,Buy,LULU,13,208.4
2025-12-26 14:27:21,Buy,PLTR,27,189.76
2025-12-26 14:41:19,Buy,TSLA,8,481.65
2025-12-26 15:28:43,Buy,UNH,6,326.94
2025-12-26 15:38:11,Buy,RY,15,171.13
2025-12-29 09:34:45,Sell,PLTR,88,185.74
2025-12-29 10:15:54,Sell,COST,7,871.0
2025-12-29 11:01:10,Sell,RY,16,170.94
2025-12-29 11:22:24,Buy,NVDA,27,187.19
2025-12-29 12:25:07,Buy,OPEN,468,5.79
2025-12-30 09:31:42,Sell,TSLA,37,456.48
2025-12-30 09:33:03,Sell,COST,2,862.43
2025-12-30 12:38:11,Buy,AAPL,11,272.38
2025-12-30 14:23:15,Buy,TSLA,3,453.93
2025-12-30 14:30:41,Sell,UNH,4,329.6
2025-12-31 12:51:11,Buy,ATZ,2,116.95
2026-01-02 09:49:54,Buy,PLTR,33,171.01
2026-01-02 12:21:12,Buy,UNH,41,328.57
2026-01-02 13:17:57,Sell,NVDA,123,189.28
2026-01-05 09:57:36,Buy,COST,4,862.83
2026-01-05 13:58:13,Buy,OPEN,1522,6.03
2026-01-05 14:02:50,Buy,UNH,19,334.47
2026-01-05 14:47:53,Buy,ATZ,30,117.62
2026-01-05 14:56:28,Buy,COST,3,861.27
2026-01-06 10:57:49,Buy,ATZ,22,118.76
2026-01-06 11:47:08,Sell,UNH,12,348.33
2026-01-06 12:25:05,Buy,OPEN,225,6.27
2026-01-06 13:50:29,Sell,RY,14,172.19
2026-01-06 14:47:30,Sell,OPEN,617,6.3
2026-01-07 09:38:27,Sell,UNH,29,342.05
2026-01-07 09:44:29,Buy,TSLA,8,432.71
2026-01-07 11:49:15,Sell,UNH,71,343.72
2026-01-07 15:13:34,Sell,AAPL,2,261.44
2026-01-07 15:18:25,Sell,ATZ,34,121.38
2026-01-09 09:59:06,Sell,OPEN,1207,7.09
2026-01-09 11:33:31,Buy,LULU,17,200.71
2026-01-09 11:46:54,Buy,OPEN,1568,7.1
2026-01-09 12:29:22,Buy,OPEN,247,7.09
2026-01-09 15:41:19,Sell,ATZ,5,132.81
2026-01-12 09:36:57,Buy,ATZ,72,130.01
2026-01-12 10:49:02,Buy,OPEN,1052,6.94
2026-01-12 11:12:28,Buy,ATZ,27,130.01
2026-01-12 13:37:58,Sell,ATZ,22,130.01
2026-01-12 14:21:34,Buy,NVDA,16,183.2
2026-01-14 10:47:32,Sell,COST,1,938.31
2026-01-14 11:57:00,Sell,UNH,4,335.1
2026-01-14 13:01:48,Sell,COST,15,938.31
2026-01-14 13:17:48,Buy,ATZ,1,127.46
2026-01-14 15:46:36,Sell,COST,1,938.32
2026-01-15 10:24:32,Buy,ATZ,52,127.03
2026-01-15 11:26:04,Buy,ATZ,28,126.42
2026-01-15 11:31:02,Buy,COST,5,953.26
2026-01-15 12:09:06,Buy,AAPL,19,258.92
2026-01-15 12:18:02,Buy,ATZ,15,126.49
2026-01-19 10:39:30,Sell,ATZ,38,123.5
2026-01-19 11:01:30,Sell,ATZ,101,123.5
2026-01-19 12:30:01,Buy,ATZ,70,123.5
2026-01-19 14:13:17,Buy,ATZ,50,123.5
2026-01-19 14:20:10,Sell,ATZ,41,123.5
2026-01-20 10:17:32,Sell,NVDA,4,177.72
2026-01-20 11:03:06,Buy,UNH,15,327.21
2026-01-20 14:01:45,Buy,LULU,2,193.96
2026-01-20 14:26:29,Sell,RY,1,168.5
2026-01-20 14:55:34,Buy,UNH,22,326.91
2026-01-21 09:59:05,Buy,PLTR,7,165.26
2026-01-21 10:17:58,Buy,AAPL,21,248.48
2026-01-21 14:23:35,Buy,COST,6,959.6
2026-01-21 15:09:59,Buy,RY,15,168.14
2026-01-21 15:24:03,Buy,OPEN,170,6.36
2026-01-22 09:52:09,Buy,TSLA,12,434.19
2026-01-22 09:58:31,Buy,COST,1,971.93
2026-01-22 10:49:10,Buy,UNH,3,347.18
2026-01-22 11:39:12,Buy,COST,3,971.79
2026-01-22 15:10:27,Buy,TSLA,4,433.02
2026-01-23 09:51:17,Buy,PLTR,6,166.88
2026-01-23 10:25:43,Sell,TSLA,4,445.44
2026-01-23 14:31:01,Buy,UNH,2,353.94
2026-01-23 15:26:38,Buy,UNH,16,353.71
2026-01-23 15:54:48,Buy,COST,1,971.06
2026-01-26 10:06:04,Sell,COST,8,984.23
2026-01-26 10:38:02,Buy,ATZ,1,117.6
2026-01-26 15:00:08,Buy,RY,4,168.33
2026-01-26 15:05:17,Buy,COST,1,984.31
2026-01-26 15:59:36,Buy,NVDA,1,186.87
2026-01-27 09:58:51,Sell,AAPL,19,258.68
2026-01-27 10:23:28,Buy,PLTR,3,166.61
2026-01-27 12:21:32,Buy,TSLA,1,434.54
2026-01-27 14:29:14,Sell,RY,5,167.77
2026-01-27 15:55:39,Buy,NVDA,7,186.05
2026-01-29 12:09:36,Buy,NVDA,14,187.97
2026-01-29 12:31:43,Sell,COST,3,951.04
2026-01-29 13:21:26,Sell,AAPL,20,255.77
2026-01-29 13:38:03,Buy,RY,11,166.6
2026-01-29 15:39:24,Buy,LULU,10,177.71
2026-01-30 09:58:41,Sell,ATZ,64,105.99
2026-01-30 10:53:35,Buy,NVDA,4,189.76
2026-01-30 11:15:19,Buy,PLTR,2,146.14
2026-01-30 13:10:26,Buy,AAPL,2,252.32
2026-01-30 13:36:48,Sell,AAPL,3,254.68
2026-02-03 09:30:34,Buy,AAPL,16,268.59
2026-02-03 10:23:25,Buy,UNH,16,279.23
2026-02-03 11:01:53,Buy,COST,3,964.31
2026-02-03 12:39:57,Buy,COST,3,964.3
2026-02-03 13:52:56,Buy,RY,24,168.45
2026-02-04 13:19:08,Buy,UNH,2,276.97
2026-02-04 13:27:15,Buy,AAPL,4,272.29
2026-02-04 13:49:26,Sell,ATZ,28,112.54
2026-02-04 14:10:33,Buy,PLTR,3,149.35
2026-02-04 14:40:05,Sell,ATZ,1,114.97
2026-02-05 09:57:09,Sell,COST,8,989.74
2026-02-05 10:32:11,Buy,COST,1,994.25
2026-02-05 11:02:25,Buy,ATZ,36,110.98
2026-02-05 12:27:06,Buy,ATZ,33,110.82
2026-02-05 12:52:44,Buy,LULU,10,170.4
2026-02-06 09:41:34,Sell,AAPL,20,277.09
2026-02-06 09:56:48,Buy,RY,5,169.81
2026-02-06 10:52:59,Buy,OPEN,339,4.76
2026-02-06 12:00:57,Buy,ATZ,37,110.32
2026-02-06 15:03:07,Buy,OPEN,311,4.76
